@article{2012,
  title = {基于RFM模型的个人客户忠诚度研究},
  date = {2012},
  journaltitle = {金融论坛},
  number = {3},
  pages = {75--80},
  url = {https://d.wanfangdata.com.cn/periodical/ChlQZXJpb2RpY2FsQ0hJTmV3UzIwMjIxMjIyEg9jc2pybHQyMDEyMDMwMTAaCG4zNmtlYWN1},
  abstract = {本文在总结个人客户忠诚研究理论的基础上,提出了基于RFM模型的多层级个人客户忠诚度衡量指标及评估模型。作者利用商业银行数据仓库积累的数据,对个人客户忠诚度进行了实证研究,分析和评价了个人客户的总体忠诚度,以及活期存款、信用卡、定期存款、理财类和贷款的分产品忠诚度;结合客户的收入贡献,将个人客户划分为"挚友、藤壶、蝴蝶、陌生人"四类客户群体,并建议在实际业务应用中,对"挚友"客户重点维系;对"藤壶"客户重点营销,提升其价值;对"蝴蝶"客户进行维护时侧重挽留;而对"陌生人"客户要及时辨识,努力唤醒,降低维系成本。},
  isbn = {1009-9190},
  langid = {chi},
  keywords = {商业银行; 客户忠诚度; RFM; 数据仓库}
}

@article{almukhtar2021search,
  title = {Search Engine Optimization: A Review},
  author = {Almukhtar, Firas and Mahmoodd, Nawzad and Kareem, Shahab},
  date = {2021},
  journaltitle = {Applied Computer Science},
  volume = {17},
  number = {1}
}

@inproceedings{au2019strain,
  title = {Strain Effect-{{A}} Case Study about the Power of Nano-Influencers},
  booktitle = {2019 14th {{Iberian}} Conference on Information Systems and Technologies ({{CISTI}})},
  author = {Au-Yong-Oliveira, Manuel and Cardoso, Ana Sofia and Goncalves, Marta and Tavares, Ana and Branco, Frederico},
  date = {2019},
  pages = {1--5},
  organization = {{IEEE}}
}

@article{ausubel1991,
  title = {The {{Failure}} of {{Competition}} in the {{Credit Card Market}}},
  author = {Ausubel, Lawrence M.},
  date = {1991},
  journaltitle = {The American Economic Review},
  volume = {81},
  number = {1},
  eprint = {2006788},
  eprinttype = {jstor},
  pages = {50--81},
  publisher = {{American Economic Association}},
  issn = {0002-8282},
  abstract = {The bank credit card market, containing 4,000 firms and lacking regulatory barriers, casually appears to be a hospitable environment for the model of perfect competition. Nevertheless, this article reports that credit card interest rates have been exceptionally sticky relative to the cost of funds. Moreover, major credit card issuers have persistently earned from three to five times the ordinary rate of return in banking during the period 1983-1988. The failure of the competitive model appears to be partly attributable to consumers making credit card choices without taking account of the very high probability that they will pay interest on their outstanding balances.}
}

@article{CaoLiCai2010,
  title = {去中心化传播时代的媒介策略},
  author = {曹礼财 and 程坤 and 石晓媛},
  date = {2010},
  journaltitle = {市场观察},
  number = {6},
  pages = {67},
  url = {https://d.wanfangdata.com.cn/periodical/ChlQZXJpb2RpY2FsQ0hJTmV3UzIwMjIxMjIyEg5RSzIwMTAwMTE0MDEzNhoIMXZkdnFzdW8%3D},
  langid = {chi},
  keywords = {媒介接触; 消费者; 整合营销; 多元发展; 受众; 传统媒介; 策略; 去中心化; 共时性; 消费习惯}
}

@article{CaoYanAi2008,
  type = {10.3969/j.issn.1006-5024.2008.05.049},
  title = {我国商业银行信用卡客户定位思考},
  author = {曹艳爱},
  date = {2008},
  journaltitle = {企业经济},
  number = {5},
  pages = {157--159},
  url = {https://d.wanfangdata.com.cn/periodical/ChlQZXJpb2RpY2FsQ0hJTmV3UzIwMjIxMjIyEg1xeWpqMjAwODA1MDQ5GghuMzZrZWFjdQ%3D%3D},
  abstract = {发卡量大、激活率低是我国信用卡市场的现状,它导致我国商业银行资源利用效率不高.而导致这一现状的主要原因是各商业银行在发卡时缺乏有效的市场细分和定位.为了提高资源的利用效率,各发卡行应该重新审视在信用卡营销中尤其是客户定位时存在的误区.从而利用有效的市场细分和准确的市场定位来"激活"信用卡市场.},
  isbn = {1006-5024},
  langid = {chi},
  keywords = {信用卡; 市场细分; 客户定位}
}

@article{CaoYanAi2008a,
  title = {信用卡品牌定位十法},
  author = {曹艳爱},
  date = {2008},
  journaltitle = {企业活力},
  number = {7},
  pages = {34--35},
  url = {https://d.wanfangdata.com.cn/periodical/ChlQZXJpb2RpY2FsQ0hJTmV3UzIwMjIxMjIyEg1xeWhsMjAwODA3MDE1Ggg2cmFwY2o5cw%3D%3D},
  abstract = {截至2006年年末,我国标准信用卡发卡量已达5000万张,信用卡持卡人近3100万.2006年,我国信用卡总消费金额为3000亿元左右,占社会商品零售总额的4.6\%.到2007年年底,信用卡发卡量为9026万张,较上年同期增长82\%.随着商业银行在信用卡市场投入了大量资源,信用卡营销竞争已白热化,这极大地推动了信用卡产业的发展,信用卡品牌理论研究也在深入展开,但从品牌实践看,目前国内信用卡营销的品牌诉求点大部分还停留在友好服务阶段和金融创新阶段,部分银行开始进入市场定位阶段.},
  isbn = {1003-4919},
  langid = {chi}
}

@article{carruthers2009,
  title = {Using {{PEST}} Analysis to Improve Business Performance},
  author = {Carruthers, Harvey},
  date = {2009-01},
  journaltitle = {In Practice},
  shortjournal = {In pract.},
  volume = {31},
  number = {1},
  pages = {37--39},
  issn = {0263-841X, 2042-7689},
  doi = {10.1136/inpract.31.1.37},
  url = {https://onlinelibrary.wiley.com/doi/10.1136/inpract.31.1.37},
  urldate = {2022-12-22},
  langid = {english}
}

@article{ChenAn2012,
  title = {微博的人性化营销},
  author = {陈安},
  date = {2012},
  journaltitle = {销售与市场},
  number = {32},
  pages = {67--69},
  url = {https://d.wanfangdata.com.cn/periodical/ChlQZXJpb2RpY2FsQ0hJTmV3UzIwMjIxMjIyEg54c3lzYzIwMTIzMjAzORoIMXZkdnFzdW8%3D},
  abstract = {这是一家位于某省会城市新区的B购物中心，跟所有零售业者一样，过去仰赖的大众媒体是报纸。如今他们决定聘请A咨询公司进行微博宣传。曾经，他们使刷剪报纸广告截角到现场换东西的方式测试人流，最好的一次来了300多人。平心而论，B位于新区，且不是扎堆在最热闹的市区，300多的人流已经是不错的表现，记得一家上海市中心百货公司刊登了一周的报纸广告，现场只来22人享受他们提供的一项免费服务。},
  isbn = {1005-3530},
  langid = {chi},
  keywords = {人性化营销; 报纸广告; 购物中心; 城市新区; 大众媒体; 咨询公司; 百货公司; 免费服务}
}

@article{ChengMing2022,
  type = {10.3969/j.issn.1009-5853.2022.03.009},
  title = {论数字时代内容营销的价值观念与价值创造路径},
  author = {程明 and 龚兵 and 王灏},
  date = {2022},
  journaltitle = {出版科学},
  volume = {30},
  number = {3},
  pages = {66--73},
  url = {https://d.wanfangdata.com.cn/periodical/ChlQZXJpb2RpY2FsQ0hJTmV3UzIwMjIxMjIyEg1jYmt4MjAyMjAzMDA5Gghvbmh6bHU2NA%3D%3D},
  abstract = {内容营销是数字时代重要的营销传播手段,其创作和传播的内容本身即成为品牌资产的重要组成部分.作为一种数字营销传播的新形态,内容营销较之传统广告具有截然不同的价值观念以及价值创造路径.在价值观念方面,内容营销是以消费者为价值核心,通过持续不断地为消费者提供满足其各类需求的优质内容,逐渐与消费者建立深层次的情感、信任关系,从而最终达成其营销目的;同时消费者也成为品牌价值创造的核心驱动力,通过参与内容创作和传播的过程与品牌共同创造价值.在价值创造路径方面,内容营销致力于建构品牌价值关系,首先获取消费者的品牌价值认同,进而引发品牌价值共鸣,继而聚集社群参与品牌价值共创,最终和消费者共同实现价值的最大化.},
  isbn = {1009-5853},
  langid = {chi},
  keywords = {内容营销; 数字营销传播; 价值认同; 价值共鸣; 价值共创},
  annotation = {Cheng Ming Gong Bing Wang Hao}
}

@article{ChenJie2006,
  type = {10.3969/j.issn.1006-1894.2006.03.006},
  title = {银行卡业务现状及发展对策},
  author = {陈杰},
  date = {2006},
  journaltitle = {国际商务研究},
  volume = {27},
  number = {3},
  pages = {32--35},
  url = {https://d.wanfangdata.com.cn/periodical/ChlQZXJpb2RpY2FsQ0hJTmV3UzIwMjIxMjIyEg9nanN3eWoyMDA2MDMwMDYaCG4zNmtlYWN1},
  abstract = {信用卡已经逐渐成为现代人生活的一个重要组成部分,利用信用卡,人们可以轻松自如地享受发卡行提供的各种金融服务如代发工资、代收费以及先消费后还款等服务,信用卡已日益成为人们生活的好帮手.我国自1985年开展银行卡业务以来,经过10多年的发展,银行卡数量、特约商户和客户群体都达到了相当大的规模,但是由于信用卡受理环境不理想,以及各发卡行在银行卡功能设计和营销理念、定位和发行观念方面的落后以及行业服务水平偏低等原因,使得银行卡业务的发展受到了制约.为改变这种状况,本文紧紧结合我国银行卡业务的实际,提出了推动银行卡业务发展的对策.},
  isbn = {1006-1894},
  langid = {chi},
  keywords = {银行卡; 业务现状; 对策}
}

@article{ChenKaiYu2021,
  type = {10.3969/j.issn.1007-9777.2021.02.047},
  title = {商业银行线上营销发展策略},
  author = {陈恺宇},
  date = {2021},
  journaltitle = {中国经贸导刊},
  number = {2},
  pages = {137--139},
  url = {https://d.wanfangdata.com.cn/periodical/ChlQZXJpb2RpY2FsQ0hJTmV3UzIwMjIxMjIyEg96Z2ptZGsyMDIxMDIwNDcaCHoyd3EyY3Qz},
  abstract = {商业银行线上营销在改变传统营销模式、提升获客体效率和降低经营成本的同时,也面临着如何增强客户粘性、实现资产业务线上转移、打破数据孤岛和破除线上线下对立性的问题.优化与完善商业银行线上营销模式,应该加快移动金融发展来夯实客户基础,加快信贷业务线上转移进程,搭建金融生态链圈并加强数据整合,从而解决商业银行线上营销发展中存在的问题.},
  isbn = {1007-9777},
  langid = {chi},
  keywords = {商业银行; 线上营销; 互联网金融}
}

@article{chikandiwa2013adoption,
  title = {The Adoption of Social Media Marketing in {{South African}} Banks},
  author = {Chikandiwa, Sarah Tsitsi and Contogiannis, Eleftherios and Jembere, Edgar},
  date = {2013},
  journaltitle = {European business review},
  publisher = {{Emerald Group Publishing Limited}}
}

@article{CuiYongSheng2018,
  type = {10.19699/j.cnki.issn2096-0298.2018.21.131},
  title = {基于灰聚类方法的我国银行信用卡客户细分},
  author = {崔永生},
  date = {2018},
  journaltitle = {中国商论},
  number = {21},
  pages = {131--137},
  url = {https://d.wanfangdata.com.cn/periodical/ChlQZXJpb2RpY2FsQ0hJTmV3UzIwMjIxMjIyEhF6aG9uZ2dzbTIwMTgyMTA2ORoINnJhcGNqOXM%3D},
  abstract = {3D(大数据、数字化、发展中经济体)背景下金融行业领域的竞争日益加剧,优质客户成为金融企业争夺的焦点.如何有效地、精确地运用客户细分的理论和方法,定位标识自己的核心客户群,是企业实现精准营销盈利目的的唯一有效途径.RFM模型是衡量客户价值和客户创利能力的重要工具和手段,K-means聚类结合RFM模型是一种目前企业客户细分应用中普遍采用的组合方法.如果K-means聚类结合传统的RFM模型来做客户细分,由于RFM指标取值范围通常具有灰性,需要人为经验判断,所以在指标取值上具有强主观性,会影响客户价值评价结果的准确性.为此本文针对这一问题,采用灰聚类分析技术,依据我国某商业银行信用卡客户个人信息和卡消费交易统计数据,构建了基于灰聚类的RFM两阶段细分模型,并作了实证分析.分析结果表明,此模型解决了RFM指标灰色属性取值难以度量的问题,同时对银行客户细分简单有效,结果可以为营销决策提供参考依据.},
  isbn = {2096-0298},
  langid = {chi},
  keywords = {数据挖掘; 精准营销; RFM模型; 灰聚类; 客户细分; K-means聚类}
}

@article{DaiYingNiao2009,
  title = {关于改进我国银行信用卡市场的思考},
  author = {戴萦袅},
  date = {2009},
  journaltitle = {新金融},
  number = {5},
  pages = {59--63},
  url = {https://d.wanfangdata.com.cn/periodical/ChlQZXJpb2RpY2FsQ0hJTmV3UzIwMjIxMjIyEgx4anIyMDA5MDUwMjAaCG4zNmtlYWN1},
  abstract = {本文分析了促进我国银行信用卡市场迅速发展的内因和外因,同时又揭示了我国银行信用卡市场存在的问题,主要表现为发卡量增长快,但是活卡率不高;银行信用卡业务实际收益较低;信用卡市场营销中水平细分过度,垂直细分不足,导致过度竞争;产品设计中注重形式新颖,忽略品牌建设;信用卡业务潜在风险较大.本文还就如何运用Kano模型等理论改善银行卡营销,推进我国银行信用卡市场健康发展提出了一些建议.},
  isbn = {1006-1770},
  langid = {chi},
  keywords = {银行信用卡; 品牌; 营销; 风险管理}
}

@article{DaiYingNiao2009a,
  title = {关于改进我国银行信用卡市场的思考},
  author = {戴萦袅},
  date = {2009},
  journaltitle = {新金融},
  number = {5},
  pages = {59--63},
  url = {https://d.wanfangdata.com.cn/periodical/ChlQZXJpb2RpY2FsQ0hJTmV3UzIwMjIxMjIyEgx4anIyMDA5MDUwMjAaCDZyYXBjajlz},
  abstract = {本文分析了促进我国银行信用卡市场迅速发展的内因和外因,同时又揭示了我国银行信用卡市场存在的问题,主要表现为发卡量增长快,但是活卡率不高;银行信用卡业务实际收益较低;信用卡市场营销中水平细分过度,垂直细分不足,导致过度竞争;产品设计中注重形式新颖,忽略品牌建设;信用卡业务潜在风险较大.本文还就如何运用Kano模型等理论改善银行卡营销,推进我国银行信用卡市场健康发展提出了一些建议.},
  isbn = {1006-1770},
  langid = {chi},
  keywords = {银行信用卡; 品牌; 营销; 风险管理}
}

@article{DengLiMei2001,
  type = {10.3969/j.issn.1006-1428.2001.10.018},
  title = {浅论信用卡市场的营销策略},
  author = {邓丽梅 and 沈蕾},
  date = {2001},
  journaltitle = {上海金融},
  number = {10},
  pages = {42--44},
  url = {https://d.wanfangdata.com.cn/periodical/ChlQZXJpb2RpY2FsQ0hJTmV3UzIwMjIxMjIyEg1zaGpyMjAwMTEwMDE4GghuMzZrZWFjdQ%3D%3D},
  abstract = {信用卡作为一种新兴的消费方式,已经在沿海城市吸引了一大群较大收入的消费者,持卡消费已成为现代都市人的新时尚.但是信用卡这种"用明天的钱办今天的事"的新理念、新方式对于中国传统的"量入为出"的观念是一种挑战.},
  isbn = {1006-1428},
  langid = {chi}
}

@article{di2021fake,
  title = {Fake News, Social Media and Marketing: {{A}} Systematic Review},
  author = {Di Domenico, Giandomenico and Sit, Jason and Ishizaka, Alessio and Nunan, Daniel},
  date = {2021},
  journaltitle = {Journal of Business Research},
  volume = {124},
  pages = {329--341},
  publisher = {{Elsevier}}
}

@article{DiChenHua2021,
  type = {10.3969/j.issn.1009-9263.2021.12.028},
  title = {哔哩哔哩UGC内容营销的品牌特色},
  author = {翟趁华},
  date = {2021},
  journaltitle = {传媒},
  number = {12},
  pages = {74--75,77},
  url = {https://d.wanfangdata.com.cn/periodical/ChlQZXJpb2RpY2FsQ0hJTmV3UzIwMjIxMjIyEg9jaHVhbm0yMDIxMTIwMjgaCG9uaHpsdTY0},
  abstract = {哔哩哔哩是国内第一家设立弹幕视频的网站,其主要受众群体是19岁～28岁的年轻用户群体.其以独特的"二次元"文化,打造"ACGN社区文化",凝聚了高付费意识、高黏度、高体验时长的忠实客户群.Web3.0技术的发展,开创了用户同时拥有信息接收者和传播者双重身份的时代.哔哩哔哩以用户社交网络为核心,向外进行营销内容辐射,在新媒体平台比比皆是的时代获得自己的一片立足之地,取得了有目共睹的成绩.本文以哔哩哔哩的UGC内容营销为研究主题,探讨其UGC内容营销的品牌特色.},
  isbn = {1009-9263},
  langid = {chi},
  keywords = {哔哩哔哩; UGC; 品牌特色; 内容营销}
}

@article{DingJun2002,
  type = {10.3969/j.issn.1006-1428.2002.08.018},
  title = {献给中国的银行家--评《中国银行家必读教程--美国银行家必读核心教程译丛》},
  author = {丁军},
  date = {2002},
  journaltitle = {上海金融},
  number = {8},
  pages = {54},
  url = {https://d.wanfangdata.com.cn/periodical/ChlQZXJpb2RpY2FsQ0hJTmV3UzIwMjIxMjIyEg1zaGpyMjAwMjA4MDE4GghuMzZrZWFjdQ%3D%3D},
  abstract = {鉴于以银行家及未来银行家为主要读者对象,以培养与银行业国际惯例接轨、面向国际竞争的经营型人才为指向,以当代银行家必须具备的核心知识结构为重点的国际一流职业教育和培训系列教材和著作,在中国同类著作和教材中尚属空白,中国人民银行有关部门--北京华田文化发展中心,针对全球化对中国银行业提高人才素质、强化职业培训和应对国际竞争的迫切需要,整合中国银行业包括美国银行家协会在内的多方资深专家和学者的意见,通过对中国银行业实际状况的充分调查分析论证以及赴美实地长期比较考察,联袂精心推出代表21世纪的银行家核心知识结构的人力资源教育和培训系列教材,即{$<$}银行家经济家{$>$}、{$<$}货币与银行{$>$}、{$<$}银行家法学原理{$>$}、{$<$}银行家市场营销{$>$}、{$<$}存款经营{$>$}、{$<$}贷款管理{$>$}、{$<$}银行信用卡{$>$}以及{$<$}跨国银行业务{$>$},构成{$<$}中国银行家必读教程--美国银行家必读核心教程译丛{$>$}.},
  isbn = {1006-1428},
  langid = {chi}
}

@article{DingYi2011,
  title = {中国信用卡市场客群定位分析与研究},
  author = {丁一 and 蓝发钦},
  date = {2011},
  journaltitle = {山东社会科学},
  number = {3},
  pages = {137--140},
  url = {https://d.wanfangdata.com.cn/periodical/ChlQZXJpb2RpY2FsQ0hJTmV3UzIwMjIxMjIyEg9zZHNoa3gyMDExMDMwMjYaCG4zNmtlYWN1},
  abstract = {本文剖析了目前信用卡市场客群定位中存在的问题,通过对M银行的数据进行研究.建立了一套客群的精准营销模型,通过对于Tn-m到Tn时间段的数据,按照模型的计算结果对客群进行评分,细分客群定位,并按照级别制定针对性客群营销策略.随后,通过实际操作结果来论证模型的成立,并解决目前市场上存在的客群定位问题.},
  isbn = {1003-4145},
  langid = {chi},
  keywords = {国内信用卡; 征信审核; 异地管理}
}

@article{DongYan2020,
  title = {线上营销对网络消费者购买行为的影响研究},
  author = {董岩 and 时光 and 时雨甜},
  date = {2020},
  journaltitle = {经济问题探索},
  number = {10},
  pages = {45--55},
  url = {https://d.wanfangdata.com.cn/periodical/ChlQZXJpb2RpY2FsQ0hJTmV3UzIwMjIxMjIyEg9qand0dHMyMDIwMTAwMDUaCHoyd3EyY3Qz %R},
  abstract = {基于消费者行为学和营销学理论,从心理学视角深入分析线上营销对网络消费者购买行为的影响机理,构建理论模型,并在此基础上考察感知价值、感知风险的中介作用.以问卷调查数据为样本,运用相关性分析与结构方程模型对提出的假设进行验证.研究发现:线上营销对消费者感知价值有显著正向影响,对消费者感知风险有显著负向影响;消费者感知价值对消费者感知风险有显著负向影响;消费者感知价值、消费者感知风险分别对消费者购买行为有显著正向影响、显著负向影响,同时二者在线上营销与网络消费者购买行为关系中起部分中介作用.最后给出提高产品质量,注重品牌形象,合理利用低价促销策略,提高物流效率,完善售后服务的管理启示.},
  isbn = {1006-2912},
  langid = {chi},
  keywords = {线上营销; 感知价值; 感知风险; 网络购买行为},
  annotation = {Dong Yan Shi Guang Shi Yutian}
}

@article{DongZhiYong2007,
  type = {10.3969/j.issn.1009-9190.2007.06.006},
  title = {对中国信用卡消费群体特征的多元统计分析},
  author = {董志勇 and 狄晓娇},
  date = {2007},
  journaltitle = {金融论坛},
  number = {6},
  pages = {30--34},
  url = {https://d.wanfangdata.com.cn/periodical/ChlQZXJpb2RpY2FsQ0hJTmV3UzIwMjIxMjIyEg9jc2pybHQyMDA3MDYwMDYaCG4zNmtlYWN1},
  abstract = {本文在北京地区调查问卷的基础上设计了一套信用卡评价量表,通过多元统计中的因子分析、方差分析、卡方检验等手段分析信用卡评价变量与人口统计变量的相互关系,从量化的角度得出中国信用卡市场的基本现状和特点:信用卡各项服务的水平有很大的提升空间,开发潜力很大;信用卡的年费普遍过高;年轻群体相比于其他年龄群体对于信用卡的接受度、认同度、透支程度、及时还款程度都是最高的;信用卡的功能有待进一步开发;新功能的宣传所达到的效果较小;营销的细分市场应该主要通过透支额度和服务程度等来划分.最后文章还提出了相应的政策建议.},
  isbn = {1009-9190},
  langid = {chi},
  keywords = {信用卡; 营销策略; 评价变量; 人口统计变量},
  annotation = {DONG Zhi-yong DI Xiao-jiao}
}

@article{DuYunSheng2014,
  type = {10.3969/j.issn.1003-4625.2014.09.005},
  title = {基于客户消费数据的信用卡持卡人细分研究},
  author = {杜云生},
  date = {2014},
  journaltitle = {金融理论与实践},
  number = {9},
  pages = {23--28},
  url = {https://d.wanfangdata.com.cn/periodical/ChlQZXJpb2RpY2FsQ0hJTmV3UzIwMjIxMjIyEhBqcmxseXNqMjAxNDA5MDA1Ggg2cmFwY2o5cw%3D%3D},
  abstract = {将逾期拖欠风险和疑似套现风险融入以RFM价值评估模型为基础的信用卡持卡人细分模型中，构建融合客户价值和风险因素的RFMDA细分模型，并利用RFMDA模型，通过实证分析某工商银行客户消费数据，将信用卡持卡人按照价值和风险分为9类，为商业银行对不同类别的信用卡持卡人开展市场营销策略提供方法和决策依据。},
  isbn = {1003-4625},
  langid = {chi},
  keywords = {信用卡; 客户细分; 客户价值; 信用风险; RFMDA模型}
}

@article{eke2019survey,
  title = {A Survey of User Profiling: {{State-of-the-art}}, Challenges, and Solutions},
  author = {Eke, Christopher Ifeanyi and Norman, Azah Anir and Shuib, Liyana and Nweke, Henry Friday},
  date = {2019},
  journaltitle = {IEEE Access},
  volume = {7},
  pages = {144907--144924},
  publisher = {{IEEE}}
}

@book{evans2021social,
  title = {Social Media Marketing},
  author = {Evans, Dave and Bratton, Susan and McKee, Jake},
  date = {2021},
  publisher = {{AG Printing \& Publishing}}
}

@article{felix2017elements,
  title = {Elements of Strategic Social Media Marketing: {{A}} Holistic Framework},
  author = {Felix, Reto and Rauschnabel, Philipp A and Hinsch, Chris},
  date = {2017},
  journaltitle = {Journal of Business Research},
  volume = {70},
  pages = {118--126},
  publisher = {{Elsevier}}
}

@article{GaoHaiXia2020,
  type = {10.3969/j.issn.1004-2768.2020.07.028},
  title = {场景视角下的内容营销创新与启示},
  author = {高海霞 and 李亚举 and 牛小静},
  date = {2020},
  journaltitle = {生产力研究},
  number = {7},
  pages = {122--126},
  url = {https://d.wanfangdata.com.cn/periodical/ChlQZXJpb2RpY2FsQ0hJTmV3UzIwMjIxMjIyEg5zY2x5ajIwMjAwNzAyOBoIb25oemx1NjQ%3D},
  abstract = {移动互联网的快速发展使场景成为继内容、形式、社交之后媒体的另一种核心要素,从场景化角度研究内容营销策略具有重要的理论和实践价值.结合现有相关文献,梳理了内容营销的内涵和发展现状,在此基础上提出从场景化角度开展内容营销,通过对比分析四个品牌的营销活动,以及总结归纳现有学者的观点,提出场景化视角下内容营销的具体创新策略和启示,为企业的品牌管理提供借鉴.},
  isbn = {1004-2768},
  langid = {chi},
  keywords = {内容营销; 场景营销; 品牌}
}

@article{GaoShang2018,
  title = {金融创新新模式:自助金融——基于商业银行视角的研究},
  author = {高尚},
  date = {2018},
  journaltitle = {浙江金融},
  number = {2},
  pages = {27--32},
  url = {https://d.wanfangdata.com.cn/periodical/ChlQZXJpb2RpY2FsQ0hJTmV3UzIwMjIxMjIyEg16ampyMjAxODAyMDA0Ggg2cmFwY2o5cw%3D%3D},
  abstract = {在当前国内经济新常态的发展态势下,面向个人客户的商业银行零售金融领域理论创新是经济理论界的研究热点之一.本文从国内银行业传统零售金融业务模式入手,分别从产品营销方式、金融生产方式、资产使用方式、金融效率、资产流动方式五个方面对当前零售金融业务进行了全面梳理与深入剖析,在此基础上提出了自助金融的概念.随后分别从自助金融的特征、分类、产品设计方式等角度继续对自助金融进行了进一步阐述.自助金融是一个新的金融创新模式,基于自助金融本文相继提出了正向金融生产、反向金融生产、逆向精准营销、资产信用化、资产共享化等新概念,该研究成果为商业银行零售金融创新提供了一个重要的参考模式、具有广泛的应用前景,同时也代表了未来智慧银行的一个重要发展趋势.},
  isbn = {1005-0167},
  langid = {chi},
  keywords = {自助金融; 金融生产; 逆向精准营销; 资产信用化; 资产共享化}
}

@book{garrityAllMathematicsYou2002,
  title = {All the Mathematics You Missed: But Need to Know for Graduate School},
  shorttitle = {All the Mathematics You Missed},
  author = {Garrity, Thomas A.},
  date = {2002},
  publisher = {{Cambridge University Press}},
  location = {{Cambridge, UK ; New York, NY}},
  isbn = {978-0-521-79285-1 978-0-521-79707-8},
  langid = {english},
  pagetotal = {347},
  keywords = {Mathematics},
  file = {/home/xyh/Storage/Zotero/storage/U2B9JXFJ/Garrity - 2002 - All the mathematics you missed but need to know f.pdf}
}

@article{GengDanDan2008,
  type = {10.3969/j.issn.1009-9190.2008.05.009},
  title = {短信银行服务发展现状及相关法律问题研究},
  author = {耿丹丹},
  date = {2008},
  journaltitle = {金融论坛},
  volume = {13},
  number = {5},
  pages = {50--53},
  url = {https://d.wanfangdata.com.cn/periodical/ChlQZXJpb2RpY2FsQ0hJTmV3UzIwMjIxMjIyEg9jc2pybHQyMDA4MDUwMDkaCDR4Y3hicHFw},
  abstract = {短信银行服务是商业银行借助现代信息技术,向客户提供信息和金融交易的新型金融服务方式,是当代金融发展的新趋势.商业银行在为客户提供服务的同时,必须关注新业务带来的法律风险,并采取有效措施加以防范.具体来讲,对于付费类短信服务,银行应严格按照合同约定履行义务;对于营销类免费信息,银行在发送之前要取得客户口头或者书面的同意,并应保留相应的证据;对于非营销类免费短信,虽然这类信息极大地方便了客户办理银行业务,但如果客户对银行发送该类信息存在异议,银行应当立即停止向该客户发送,避免因此出现纠纷.},
  isbn = {1009-9190},
  langid = {chi},
  keywords = {短信银行服务; 法律风险; 付费类服务; 免费类服务}
}

@article{GuoCongXiu2012,
  type = {10.3969/j.issn.1003-4625.2012.08.023},
  title = {浅论信用卡移动营销},
  author = {郭从秀 and 唐启蒙},
  date = {2012},
  journaltitle = {金融理论与实践},
  number = {8},
  pages = {107--109},
  url = {https://d.wanfangdata.com.cn/periodical/ChlQZXJpb2RpY2FsQ0hJTmV3UzIwMjIxMjIyEhBqcmxseXNqMjAxMjA4MDIzGgg2cmFwY2o5cw%3D%3D},
  abstract = {分析移动营销的定义及优势,阐述我国移动营销市场现状,并就信用卡营销的原则及开展方式进行了重点研究.},
  isbn = {1003-4625},
  langid = {chi},
  keywords = {信用卡; 移动营销; 精准营销}
}

@article{GuoXiaoChai2008,
  type = {10.3969/j.issn.1002-980X.2008.09.021},
  title = {门户网站品牌忠诚度影响因素的实证研究},
  author = {郭小钗 and 孙灿 and 陈蓓蕾 and 王凯},
  date = {2008},
  journaltitle = {技术经济},
  volume = {27},
  number = {9},
  pages = {111--117},
  url = {https://d.wanfangdata.com.cn/periodical/ChlQZXJpb2RpY2FsQ0hJTmV3UzIwMjIxMjIyEg1qc2pqMjAwODA5MDIxGgh6MndxMmN0Mw%3D%3D},
  abstract = {当前我国门户网站的竞争日趋激烈,对消费者门户网站品牌忠诚进行研究具有重要的现实意义.本文基于关系承诺一信任理论,建立了门户网站品牌忠诚度影响因素的概念模型,并通过问卷调查对模型进行了验证,以期对中国本土门户网站的品牌管理和关系营销管理有所裨益.研究结果表明,对门户网站品牌忠诚影响较大的因素是顾客对网站核心服务质量的满意度、顾客所处环境的规范习惯的明确性和导向性;同时,这些因素通过关系承诺的中介效应来间接影响门户网站品牌忠诚.},
  isbn = {1002-980X},
  langid = {chi},
  keywords = {品牌忠诚; 满意度; 转移障碍; 关系承诺; 门户网站}
}

@article{gurel2017,
  title = {{{SWOT ANALYSIS}}: {{A THEORETICAL REVIEW}}},
  shorttitle = {{{SWOT ANALYSIS}}},
  author = {Gürel, Emet},
  date = {2017-08-30},
  journaltitle = {Journal of International Social Research},
  shortjournal = {jisr},
  volume = {10},
  number = {51},
  pages = {994--1006},
  issn = {1307-9581},
  doi = {10.17719/jisr.2017.1832},
  url = {http://sosyalarastirmalar.com/cilt10/sayi51_pdf/6iksisat_kamu_isletme/gurel_emet.pdf},
  urldate = {2022-12-22},
  langid = {english}
}

@article{GuXuan2009,
  title = {信用卡业务的创新发展路径及其实现模式——基于工商银行深圳分行信用卡业务的分析},
  author = {顾旋 and 林英强},
  date = {2009},
  journaltitle = {金融论坛},
  number = {11},
  pages = {68--74},
  url = {https://d.wanfangdata.com.cn/periodical/ChlQZXJpb2RpY2FsQ0hJTmV3UzIwMjIxMjIyEg9jc2pybHQyMDA5MTEwMTIaCG4zNmtlYWN1},
  abstract = {本文从深圳地区的市场特点及信用卡产业整体发展现状的宏观背景入手,以工商银行深圳分行为例对深圳地区信用卡业务创新发展的现实条件及可行性进行研究论证,提出了现代商业银行信用卡业务的创新发展路径--以技术和商业模式的领先创新为抓手,以成为主流行业的最佳合作伙伴和主流客户群的首选品牌为诉求,实现市场份额和收益最大化目标.同时,本文从产品创新、收单业务、营销渠道、运营服务和风险控制几个方面,对这一创新发展路径的具体实现模式进行了深入剖析,以期对我国商业银行信用卡产业发展提供有益借鉴.},
  isbn = {1009-9190},
  langid = {chi},
  keywords = {商业银行; 工商银行深圳分行; 信用卡业务; 产品创新},
  annotation = {GU Xuan LIN Ying-qiang}
}

@article{HanDeChang2007,
  type = {10.3969/j.issn.1006-1428.2007.11.020},
  title = {人口统计特征、社会环境因素与中国大学生信用卡持有关系研究},
  author = {韩德昌 and 王大海},
  date = {2007},
  journaltitle = {上海金融},
  number = {11},
  pages = {79--83},
  url = {https://d.wanfangdata.com.cn/periodical/ChlQZXJpb2RpY2FsQ0hJTmV3UzIwMjIxMjIyEg1zaGpyMjAwNzExMDIwGghuMzZrZWFjdQ%3D%3D},
  abstract = {本文从大学生人口统计特征和社会环境因素两个方面研究了高校学生对信用卡持有的影响因素.研究发现性别、可支配收入、社群规范性和生源所在地等变量与大学生是否持有信用卡之间存在显著的关系,学历和所学专业与大学生是否持有信用卡之间关系不显著.本文在对主要影响因素进行深入分析的基础上提出了大学生信用卡营销的对策.},
  isbn = {1006-1428},
  langid = {chi},
  keywords = {大学生信用卡; 人口统计特征; 社会环境因素; 交叉列联分析; 信用卡营销}
}

@article{HeAiZhong2016,
  type = {10.3969/j.issn.1672-884x.2016.10.013},
  title = {品牌自媒体内容营销对消费者品牌态度的影响研究},
  author = {贺爱忠 and 蔡玲 and 高杰},
  date = {2016},
  journaltitle = {管理学报},
  volume = {13},
  number = {10},
  pages = {1534--1545},
  url = {https://d.wanfangdata.com.cn/periodical/ChlQZXJpb2RpY2FsQ0hJTmV3UzIwMjIxMjIyEg1nbHhiMjAxNjEwMDEzGghvbmh6bHU2NA%3D%3D},
  abstract = {为了探讨自媒体内容营销与消费者品牌人格感知和品牌态度之间关联的内在机理,通过两个组间实验,获取363份有效被试数据,采用方差分析和层次回归分析,结论为:品牌自媒体3种内容营销形式对话、讲故事、顾客互动参与对消费者的品牌人格感知和品牌态度都具有显著的正向影响,其中对话与讲故事的影响几乎相等,顾客互动参与影响稍弱;品牌人格感知在内容营销与品牌态度的关系之间起部分中介作用.内容与品牌关联度对内容营销与品牌态度、品牌人格感知关系的调节作用不显著.},
  isbn = {1672-884X},
  langid = {chi},
  keywords = {自媒体; 内容营销; 内容与品牌关联度; 品牌人格感知; 品牌态度},
  annotation = {HE Aizhong CAI Ling GAO Jie}
}

@article{HeDeHua2009,
  type = {10.3969/j.issn.1001-148X.2009.04.034},
  title = {移动营销:基于短信息服务的消费者接受实证研究},
  author = {何德华 and 鲁耀武},
  date = {2009},
  journaltitle = {商业研究},
  number = {4},
  pages = {127--131},
  url = {https://d.wanfangdata.com.cn/periodical/ChlQZXJpb2RpY2FsQ0hJTmV3UzIwMjIxMjIyEg1zeXlqMjAwOTA0MDM0Ggg0eGN4YnBxcA%3D%3D},
  abstract = {作为一种新的广告和信息交流的途径,手机短信服务现已经普遍应用.在已有文献提出技术接受研究模型及其它相关理论研究的基础上,探讨消费者对于移动广告的态度和接受源技术接受和使用整合模型,创新扩散理论,任务技术匹配理论的整合模型,并进行实证研究.运用结构方程模型方法对调查数据进行分析,揭示消费者对于移动营销的整体态度,以及影响消费者接受的主要因素.},
  isbn = {1001-148X},
  langid = {chi},
  keywords = {移动营销; 移动广告; 技术接受; 结构方程模型}
}

@book{highamPrincetonCompanionApplied2015,
  title = {The {{Princeton}} Companion to Applied Mathematics},
  editor = {Higham, Nicholas J. and Dennis, Mark R.},
  date = {2015},
  publisher = {{Princeton University Press}},
  location = {{Princeton}},
  isbn = {978-0-691-15039-0},
  langid = {english},
  pagetotal = {994},
  keywords = {Algebra,Mathematical models,Mathematics},
  file = {/home/xyh/Storage/Zotero/storage/B2TMDWP9/Higham and Dennis - 2015 - The Princeton companion to applied mathematics.pdf}
}

@article{JiangMingHua2004,
  title = {信用卡持卡者人口统计特征及透支行为关系的实证研究},
  author = {江明华 and 任晓炜},
  date = {2004},
  journaltitle = {金融研究},
  number = {4},
  pages = {106--117},
  url = {https://d.wanfangdata.com.cn/periodical/ChlQZXJpb2RpY2FsQ0hJTmV3UzIwMjIxMjIyEg1qcnlqMjAwNDA0MDEzGghuMzZrZWFjdQ%3D%3D},
  abstract = {本研究的目的是希望发现信用卡持卡者的人口统计特征变量与其透支行为的关系.我们从性别、婚姻状况、学历和收入,以及职业和年龄等六个方面全面研究了信用卡持卡人的人口统计特征变量与其透支行为和习惯之间的关系.研究发现,"学历"和"职业类别"与"透支与否"和"透支习惯"两个变量之间存在显著的关系.其他人口统计特征变量与"透支与否"和"透支习惯"这两个变量之间存在一定的关系,但是不显著.最后,我们对研究结论和研究局限性,以及研究结论的营销意义进行了讨论.},
  isbn = {1002-7246},
  langid = {chi},
  keywords = {人口统计特征变量; 信用卡透支; 列联表}
}

@article{JiangSuHuai2015,
  title = {商业银行信用卡监管机制比较研究},
  author = {蒋苏淮 and 梁沫},
  date = {2015},
  journaltitle = {新金融},
  number = {8},
  pages = {33--35},
  url = {https://d.wanfangdata.com.cn/periodical/ChlQZXJpb2RpY2FsQ0hJTmV3UzIwMjIxMjIyEgx4anIyMDE1MDgwMDcaCG4zNmtlYWN1},
  abstract = {近年来,我国信用卡业务迅速发展,但商业银行信用卡监管机制不完善等因素也导致控制欺诈风险的形势越来越严峻,金融风险和社会风险随之增加.本文从信用卡营销、信用审批、用卡监控、催收及坏账处理以及收单业务等方面对国有商业银行与股份制商业银行信用卡监管机制的差异进行了分析,以探析信用卡风险上升的深层次原因,并就推动信用卡市场发展提出相关政策建议.},
  isbn = {1006-1770},
  langid = {chi},
  keywords = {商业银行业务; 信用卡违约; 监管机制; 风险防范}
}

@article{JiangXiaoDong2015,
  title = {比较型网上产品评论的说服效果研究},
  author = {江晓东 and 桂辉},
  date = {2015},
  journaltitle = {经济管理},
  volume = {37},
  number = {11},
  pages = {74--82},
  url = {https://d.wanfangdata.com.cn/periodical/ChlQZXJpb2RpY2FsQ0hJTmV3UzIwMjIxMjIyEg1qamdsMjAxNTExMDA4GghuMzZrZWFjdQ%3D%3D},
  abstract = {在中国,电子商务的繁荣导致网上产品评论激增,评论中开始出现涉及与竞争品牌直接比较的信息.本文借用比较型广告的概念,创新性地提出了"比较型网评"这一概念,并通过实验研究了不同信息类型的比较型网评的说服效果、比较型网评对说服效果影响的中介变量和调节变量.研究结果表明:(1)产品知识水平和认知需要在比较型网评类型(事实型/评价型)对感知信息质量、感知权威性和感知说服效果的影响中有调节作用.低产品知识水平(认知需要)的消费者认为,评价型的比较型网评比事实型的比较型网评更有效;高产品知识(认知需要)的消费者认为,事实型的比较型网评比评价型的比较型网评更有效.(2)感知信息质量和感知可信度是产品知识水平(认知需要)在比较型网评类型(事实型/评价型)对网评说服效果的影响的调节效应的中介变量.本文最后基于研究结果对网络营销者提出了相关策略建议.},
  isbn = {1002-5766},
  langid = {chi},
  keywords = {比较型网评; 信息质量; 信息可信度; 产品知识; 认知需要},
  annotation = {JIANG Xiao-dong GUI Hui}
}

@article{JiaoLi2010,
  title = {搜索引擎优化策略研究},
  author = {焦丽 and 路波},
  date = {2010},
  journaltitle = {生产力研究},
  number = {7},
  pages = {118--119},
  url = {https://d.wanfangdata.com.cn/periodical/ChlQZXJpb2RpY2FsQ0hJTmV3UzIwMjIxMjIyEg5zY2x5ajIwMTAwNzA0NRoIMXI3YnpvYXo%3D %R},
  abstract = {目前,越来越多的人热衷于通过互联网上的搜索引擎来查询资料,寻找中意商品.通过对人们的使用习惯和心理的调查发现,在搜索引擎中排名越靠前的网站,被浏览点击的几率就越大.因此,一个商业网站在主流搜索引擎中获得自然排名优先,对于企业来说显得尤为重要,这也直接催生了搜索引擎优化(SEO)和搜索引擎营销(SEH)研究.本文结合工作经验和搜索引擎优化方程式对搜索引擎优化的策略进行了探讨.},
  isbn = {1004-2768},
  langid = {chi},
  keywords = {搜索引擎优化; 搜索引擎营销; 搜索引擎优化方程式}
}

@article{JiaoTongYinXingShenZhenFenXingKeTiZu2021,
  title = {商业银行线上线下一体化经营模式探索},
  author = {交通银行深圳分行课题组},
  date = {2021},
  journaltitle = {新金融},
  number = {1},
  pages = {56--58},
  url = {https://d.wanfangdata.com.cn/periodical/ChlQZXJpb2RpY2FsQ0hJTmV3UzIwMjIxMjIyEgx4anIyMDIxMDEwMTIaCGZoc2NjenBk},
  abstract = {随着互联网在金融领域的快速渗透,非银金融机构凭借网络平台进入传统银行领域,并由此衍生出金融新业态,对传统银行经营模式产生冲击.商业银行过去赖以生存的渠道、网点和规模优势难以应对市场变化,主要依赖铺网点、铺人员的跑马式竞争模式更是不可持续.当前,商业银行发展面临两大问题:一是线下到店客户持续下降,以网点为半径的获客方式难以维系;二是线上发展不成熟,虽然手机银行等移动终端应用已非常普遍,但仍面临客户活跃度不高、体验不佳、粘性不足等问题.本文立足当前商业银行线上线下一体化的发展现状和痛点,探索形成以线下为基础、线上为手段的一体化经营新模式.},
  isbn = {1006-1770},
  langid = {chi},
  keywords = {商业银行; 互联网; 线上线下; 一体化}
}

@article{JiaQiang2021,
  type = {10.3969/j.issn.1002-5863.2021.17.019},
  title = {无界营销时代下消费者的品牌消费自觉及定力分析},
  author = {贾强},
  date = {2021},
  journaltitle = {商业经济研究},
  number = {17},
  pages = {75--78},
  url = {https://d.wanfangdata.com.cn/periodical/ChlQZXJpb2RpY2FsQ0hJTmV3UzIwMjIxMjIyEg1zeXNkMjAyMTE3MDE5GggxdmR2cXN1bw%3D%3D},
  abstract = {本文立足于无界营销时代,首先对当下品牌消费心理和行为特征进行分析,并探讨无界营销时代下消费者品牌消费自觉和定力的形成,最终提出促进无界营销时代下品牌运营及品牌消费文化沉淀的对策建议.研究认为:无界营销时代下品牌消费共性心理表现为易变性,品牌消费行为表现为随机性.品牌消费自觉和定力的形成源于无界营销环境下品牌的物质化标签逐渐"褪色"、品牌创造和品牌形象去中心化及品质思维逐渐成为品牌消费的潮流;坚持以持续跟进消费者心理和行为研究为导向、基于品质持续强化差异化竞争力并坚持品牌个性,是营销时代下的品牌构建和运营的关键,同时品牌应传播正能量和民族特色文化,应彰显文化自信.},
  isbn = {1002-5863},
  langid = {chi},
  keywords = {无界营销; 品牌消费; 消费自觉; 定力; 个性化}
}

@article{jung2021,
  title = {New Parallel Computing Algorithm of Molecular Dynamics for Extremely Huge Scale Biological Systems},
  author = {Jung, Jaewoon and Kobayashi, Chigusa and Kasahara, Kento and Tan, Cheng and Kuroda, Akiyoshi and Minami, Kazuo and Ishiduki, Shigeru and Nishiki, Tatsuo and Inoue, Hikaru and Ishikawa, Yutaka and Feig, Michael and Sugita, Yuji},
  date = {2021-02-05},
  journaltitle = {Journal of Computational Chemistry},
  shortjournal = {J Comput Chem},
  volume = {42},
  number = {4},
  pages = {231--241},
  issn = {0192-8651, 1096-987X},
  doi = {10.1002/jcc.26450},
  url = {https://onlinelibrary.wiley.com/doi/10.1002/jcc.26450},
  urldate = {2022-12-27},
  langid = {english},
  file = {/home/xyh/Storage/Zotero/storage/TKPPV6Y2/Jung et al. - 2021 - New parallel computing algorithm of molecular dyna.pdf}
}

@article{kannan2017digital,
  title = {Digital Marketing: {{A}} Framework, Review and Research Agenda},
  author = {Kannan, PK and others},
  date = {2017},
  journaltitle = {International journal of research in marketing},
  volume = {34},
  number = {1},
  pages = {22--45},
  publisher = {{Elsevier}}
}

@article{kara1996,
  title = {An Empirical Investigation of {{US}} Credit Card Users: {{Card}} Choice and Usage Behavior},
  shorttitle = {An Empirical Investigation of {{US}} Credit Card Users},
  author = {Kara, Ali and Kaynak, Erdener and Kucukemiroglu, Orsay},
  date = {1996-04-01},
  journaltitle = {International Business Review},
  shortjournal = {International Business Review},
  volume = {5},
  number = {2},
  pages = {209--230},
  issn = {0969-5931},
  doi = {10.1016/0969-5931(96)00006-6},
  url = {https://www.sciencedirect.com/science/article/pii/0969593196000066},
  urldate = {2022-12-22},
  abstract = {The purpose of this research is to analyze household credit card choice and usage behavior. The theoretical model used to analyze the credit card choice behavior is a conjoint model which assumes the utility maximization and rational evaluation of the available credit card alternatives. The study also investigates the effects of credit card attitudes and practices on the credit card usage behavior. The data for the study were collected in southcentral Pennsylvania and analyzed by using traditional conjoint analysis and factor analysis. Study findings indicate that credit card holders and users show distinct differences in the use and selection of credit cards. Four different types of credit card customers identified necessitate the development and implementation of multiple target market strategies by credit card issuing companies. The results of the study offer important managerial and public policy implications for decision makers at banks, financial institutions and other credit card dispensing firms.},
  langid = {english},
  keywords = {Conjoint Analysis,Consumer Choice,Credit Card,Services Marketing}
}

@article{kaushik2012impact,
  title = {Impact of Social Media on Marketing},
  author = {Kaushik, Rajiv},
  date = {2012},
  journaltitle = {International Journal of computational engineering \& Management},
  volume = {15},
  number = {2},
  pages = {91--95}
}

@article{khedher2014personal,
  title = {Personal Branding Phenomenon},
  author = {Khedher, Manel},
  date = {2014},
  journaltitle = {International journal of information, business and management},
  volume = {6},
  number = {2},
  pages = {29},
  publisher = {{Educational Research Multimedia \& Publications}}
}

@article{ki2020influencer,
  title = {Influencer Marketing: {{Social}} Media Influencers as Human Brands Attaching to Followers and Yielding Positive Marketing Results by Fulfilling Needs},
  author = {Ki, Chung-Wha Chloe and Cuevas, Leslie M and Chong, Sze Man and Lim, Heejin},
  date = {2020},
  journaltitle = {Journal of Retailing and Consumer Services},
  volume = {55},
  pages = {102133},
  publisher = {{Elsevier}}
}

@article{LeiLei2018,
  type = {10.3969/j.issn.1002-4166.2018.20.008},
  title = {从内容营销看出版业与广告业的另类融合},
  author = {雷蕾},
  date = {2018},
  journaltitle = {中国出版},
  number = {20},
  pages = {47--51},
  url = {https://d.wanfangdata.com.cn/periodical/ChlQZXJpb2RpY2FsQ0hJTmV3UzIwMjIxMjIyEg16Z2NiMjAxODIwMDA4Gghvbmh6bHU2NA%3D%3D},
  abstract = {在内容营销兴起的现象之下潜藏着产业结构的变化,即出版业与广告业的产业融合.文章以产业融合理论为框架,从规律、动因、层次与效应四方面,系统分析出版业与广告业之间的融合现象.出版业与广告业的融合是双方不断扩大融合领域所产生的边界重叠与交叉,在技术创新、效益关注、需求升级与管制放松等因素的推动下,融合已从技术融合过渡到业务融合,并开始出现市场融合,这也将会带来产业竞争与创新格局的改变.},
  isbn = {1002-4166},
  langid = {chi},
  keywords = {内容营销; 产业融合; 出版; 广告}
}

@article{li2019,
  title = {What Factors Are Influencing Credit Card Customer’s Default Behavior in {{China}}? {{A}} Study Based on Survival Analysis},
  shorttitle = {What Factors Are Influencing Credit Card Customer’s Default Behavior in {{China}}?},
  author = {Li, Yingying and Li, Ying and Li, Yan},
  date = {2019-07-15},
  journaltitle = {Physica A: Statistical Mechanics and its Applications},
  shortjournal = {Physica A: Statistical Mechanics and its Applications},
  volume = {526},
  pages = {120861},
  issn = {0378-4371},
  doi = {10.1016/j.physa.2019.04.097},
  url = {https://www.sciencedirect.com/science/article/pii/S0378437119304662},
  urldate = {2022-12-22},
  abstract = {Credit card has entered a rapid development stage in China. In this paper, we take Chinese credit card customers as the research subject. Based on the COX proportional hazards model, we study the impact of Chinese credit card customer’s diversity, independence and social factors on credit card default by researching demographic characteristics of credit card applicant, credit card customer behavior data, macroeconomic environment data and customer’s social capital data. We categorize the consumer behavior data into online and offline data to explore the impact of the expansion of Internet online transactions on credit card defaults. We find that credit card default is not related to the amount of credit card customer’s income, but significantly to the stability of income.},
  langid = {english},
  keywords = {Credit card default,Credit risk,Survival analysis},
  file = {/home/xyh/Storage/Zotero/storage/N7IB9RYW/S0378437119304662.html}
}

@article{LiangShuXiang2010,
  type = {10.3969/j.issn.1003-4625.2010.12.024},
  title = {中外资银行零售业务发展比较},
  author = {梁叔翔},
  date = {2010},
  journaltitle = {金融理论与实践},
  number = {12},
  pages = {105--108},
  url = {https://d.wanfangdata.com.cn/periodical/ChlQZXJpb2RpY2FsQ0hJTmV3UzIwMjIxMjIyEhBqcmxseXNqMjAxMDEyMDI0Ggg2cmFwY2o5cw%3D%3D},
  abstract = {零售业务已成为银行业的主要盈利来源,是中资、外资银行竞争的一个重要领域.在信用卡、网上银行、私人银行、理财等零售银行业务领域,外资银行在产品创新、产品营销等方面占据优势,中资银行则拥有网点、地缘上的优势,而且中资银行的模仿速度较快.},
  isbn = {1003-4625},
  langid = {chi},
  keywords = {外资银行; 零售业务; 理财; 信用卡; 网上银行; 私人银行},
  annotation = {Liang Shu-xiang}
}

@article{LiangZhang2013,
  type = {10.3969/j.issn.1006-1770.2013.07.009},
  title = {国有商业银行如何应对互联网金融模式带来的挑战},
  author = {梁璋 and 沈凡},
  date = {2013},
  journaltitle = {新金融},
  number = {7},
  pages = {47--51},
  url = {https://d.wanfangdata.com.cn/periodical/ChlQZXJpb2RpY2FsQ0hJTmV3UzIwMjIxMjIyEgx4anIyMDEzMDcwMDkaCGZoc2NjenBk},
  abstract = {近年来,伴随着电子商务蓬勃发展所诞生的,以“金融线上化”为代表的互联网金融模式日益兴起,大有颠覆传统金融模式的趋势.作为传统的国有股份制商业银行,如何应对互联网金融变革浪潮所带来的挑战,需要深入的思考研究.本文首先分析了互联网金融模态中角色主体在商业模式创新、平台渠道建设、金融服务体验和监管政策导向等方面的举措思路,揭示了线上金融的本质与方向.进而在响应十八大关于深化金融改革和服务小微企业融资需求的基础上,提出了破解银行在新金融模式下转型与发展难题的思路.本文的创新在于,提出了新金融模式下银行如何将资本、客户和政策等方面的资源优势,转化成为其与新金融势力博弈或融合过程中的筹码,从而共同推动我国金融业和商业的全面升级.},
  isbn = {1006-1770},
  langid = {chi},
  keywords = {互联网金融; 线上融资; 新金融势力; 银行系电商; 电子商务信用}
}

@article{LiJiaoXue2014,
  type = {10.3969/j.issn.1002-2295.2014.06.029},
  title = {碎片化时代视频网站的内容营销},
  author = {李峤雪},
  date = {2014},
  journaltitle = {新闻与写作},
  number = {6},
  pages = {96--98},
  url = {https://d.wanfangdata.com.cn/periodical/ChlQZXJpb2RpY2FsQ0hJTmV3UzIwMjIxMjIyEg54d3l4ejIwMTQwNjAyORoIb25oemx1NjQ%3D},
  abstract = {如何在众多信息碎片中脱颖而出,让碎片变成磁石,产生吸引受众眼球的作用,成为所有视频网站面临的重要课题.以视频网站的自制内容为例,对内容营销展开论述分析,分别从受众角色定位的变化和内容营销的进化两个方面展开论述.},
  isbn = {1002-2295},
  langid = {chi},
  keywords = {碎片化时代; 视频网站; 内容营销}
}

@article{LiJunHui2019,
  type = {10.3969/j.issn.1002-5863.2019.10.018},
  title = {博弈论视角下"线上-线下"营销冲突的模型构建与化解},
  author = {李军辉},
  date = {2019},
  journaltitle = {商业经济研究},
  number = {10},
  pages = {59--62},
  url = {https://d.wanfangdata.com.cn/periodical/ChlQZXJpb2RpY2FsQ0hJTmV3UzIwMjIxMjIyEg1zeXNkMjAxOTEwMDE4Ggh6MndxMmN0Mw%3D%3D},
  abstract = {电子商务技术的出现推动了网络营销的发展,而网络营销的兴起会激发线上销售渠道与传统线下渠道之间的利益矛盾.为了降低网络营销渠道出现冲突的可能性,提高线上线下渠道的共同利益和效率,本文结合博弈论相关理论与优势,建立了"线上-线下"营销冲突模型,解析了线上销售渠道与传统零售线下渠道出现冲突的原因,分析了"线上-线下"营销冲突模型化解线上线下渠道冲突的过程,为经济学领域的销售冲突问题研究奠定理论基础.},
  isbn = {1002-5863},
  langid = {chi},
  keywords = {网络营销线上渠道; 传统零售线下渠道; 营销冲突; 博弈论; 垂直一体化}
}

@article{LiPing2005,
  type = {10.3969/j.issn.1007-368X.2005.10.048},
  title = {我国信用卡营销存在的问题与对策研究},
  author = {李平},
  date = {2005},
  journaltitle = {现代管理科学},
  number = {10},
  pages = {114--115},
  url = {https://d.wanfangdata.com.cn/periodical/ChlQZXJpb2RpY2FsQ0hJTmV3UzIwMjIxMjIyEg94ZGdsa3gyMDA1MTAwNDgaCG4zNmtlYWN1},
  abstract = {本文从国外信用卡的发展历程、我国信用卡营销现状入手,指出目前我国信用卡营销存在的最主要问题,提出了我国信用卡营销的重点应在准确定位上,并从适应消费者认知的基础上提出了我国信用卡营销进行市场定位的策略.},
  isbn = {1007-368X},
  langid = {chi},
  keywords = {信用卡; 市场定位; 品牌; 营销}
}

@article{LiuAiRong2022,
  type = {10.3969/j.issn.1674-6708.2022.15.013},
  title = {去中心化的出版营销策略研究:用户本位与逆向议程},
  author = {刘嫒蓉},
  date = {2022},
  journaltitle = {科技传播},
  volume = {14},
  number = {15},
  pages = {25--28},
  url = {https://d.wanfangdata.com.cn/periodical/ChlQZXJpb2RpY2FsQ0hJTmV3UzIwMjIxMjIyEg1ramNiMjAyMjE1MDEzGggxdmR2cXN1bw%3D%3D},
  abstract = {从新媒体营销中的用户逆向议程设置和二次扩散过程切入,建立理论模型,深入剖析营销中的读编关系与用户思维,探寻在去中心化的内容生产背景下,出版营销可以采取的新媒体策略.},
  isbn = {1674-6708},
  langid = {chi},
  keywords = {用户思维; 逆向议程设置; 二次传播; 出版营销}
}

@article{LiuJunChao2017,
  type = {10.3969/j.issn.1002-5863.2017.07.023},
  title = {零售商线上线下全渠道营销路径探索},
  author = {刘俊超},
  date = {2017},
  journaltitle = {商业经济研究},
  number = {7},
  pages = {65--67},
  url = {https://d.wanfangdata.com.cn/periodical/ChlQZXJpb2RpY2FsQ0hJTmV3UzIwMjIxMjIyEg1zeXNkMjAxNzA3MDIzGgh6MndxMmN0Mw%3D%3D},
  abstract = {我国零售商线上线下全渠道发展现状主要是传统零售企业以自建电商平台为主;电商起家的零售企业开始发展线下;跨境电子商务成为传统零售企业重要的扩张渠道;手机客户端成为线上线下全渠道营销新的突破口.尽管全渠道营销时代已经到来,但零售商线上线下全渠道发展仍然面临许多问题和挑战,主要问题是线上线下不同渠道利益分配不清;传统零售企业缺乏差异化经营意识;缺乏开拓线上线下全渠道营销发展资金等.针对这些问题,在分析原因之后,本文提出了零售商线上线下全渠道营销路径,以期对我国零售企业发展线上线下全渠道营销提供有益借鉴.},
  isbn = {1002-5863},
  langid = {chi},
  keywords = {零售商; 线上线下; 全渠道; 营销; 现状; 问题; 路径}
}

@article{LiuZhiMei2006,
  type = {10.3969/j.issn.1674-1625.2006.02.015},
  title = {透析信用卡大量营销与品牌营销战略},
  author = {刘志梅},
  date = {2006},
  journaltitle = {广东金融学院学报},
  volume = {21},
  number = {2},
  pages = {101--103},
  url = {https://d.wanfangdata.com.cn/periodical/ChlQZXJpb2RpY2FsQ0hJTmV3UzIwMjIxMjIyEg9obmpyeWoyMDA2MDIwMTUaCG4zNmtlYWN1},
  abstract = {进入21世纪,我国信用卡业务得到了量的扩张,各商业银行纷纷进入信用卡市场,信用卡市场已硝烟四起.但信用卡营销缺乏战略思考,经营粗放、盲目、雷同,以资源分散和资源浪费为代价换取市场,导致广种而薄收.目前我国信用卡的营销应从战略竞争理念出发,科学制定STP战略,打造个性化的品牌,提高企业竞争力.},
  isbn = {1008-5742},
  langid = {chi},
  keywords = {信用卡营销; 大量营销; 品牌战略},
  annotation = {Liu Zhimei}
}

@article{LiWei2010,
  type = {10.3969/j.issn.1001-148X.2010.06.037},
  title = {基于生活方式的信用卡消费市场细分研究},
  author = {李巍 and 陆林 and 陈妮娜},
  date = {2010},
  journaltitle = {商业研究},
  number = {6},
  pages = {181--184},
  url = {https://d.wanfangdata.com.cn/periodical/ChlQZXJpb2RpY2FsQ0hJTmV3UzIwMjIxMjIyEg1zeXlqMjAxMDA2MDM3GghuMzZrZWFjdQ%3D%3D},
  abstract = {提高信用卡消费市场的细分水平,强化信用卡营销的差异化能力这一核心议题,借鉴VALSⅡ市场细分系统.依据生活方式因子将我国信用卡消费群体聚类为3个细分市场,并对各细分市场进行轮廓描述,然后运用最优尺度法分析各细分市场差异性,最后对信用卡市场的生活方式营销提出建议.},
  isbn = {1001-148X},
  langid = {chi},
  keywords = {生活方式; 市场细分; 信用卡消费行为; 细分市场}
}

@article{LiXiao2017,
  type = {10.3969/j.issn.1004-2768.2017.08.019},
  title = {美妆微信公众平台内容营销传播效果的多视角实证研究},
  author = {李晓 and 石慧},
  date = {2017},
  journaltitle = {生产力研究},
  number = {8},
  pages = {83--88,123},
  url = {https://d.wanfangdata.com.cn/periodical/ChlQZXJpb2RpY2FsQ0hJTmV3UzIwMjIxMjIyEg5zY2x5ajIwMTcwODAxORoIb25oemx1NjQ%3D},
  abstract = {美妆市场快速增长,各品牌为在激烈竞争环境中存活都借助微信平台进行多元化营销.文章从美妆微信公众号的信息平台功能和信息内容两方面研究.在信息平台功能性评价中,构建了信息资讯、服务响应和客户管理系统指标体系,并用内容分析法对十个美妆微信公众平台功能进行了比较分析.在信息内容的实证研究中,利用单因素和多因素方差分析法研究推文发布频率和推文内容类型对阅读量和点赞量传播效果衡量指标的影响.研究发现:(1)软文资讯的内容最多;(2)不同市场定位的美妆品牌存在明显的内容发布偏好;(3)软文资讯和顾客互动参与类型容易获得更高的阅读机会;(4)促销推广中品牌联合容易获得更高的阅读量和点赞机会.},
  isbn = {1004-2768},
  langid = {chi},
  keywords = {美妆; 微信公众平台; 内容营销; 传播效果; 平台服务功能}
}

@article{LiZhengQuan2015,
  title = {碎片化与移动化趋势下的营销变革(下)},
  author = {李政权},
  date = {2015},
  journaltitle = {销售与市场},
  number = {2},
  pages = {43--45},
  url = {https://d.wanfangdata.com.cn/periodical/ChlQZXJpb2RpY2FsQ0hJTmV3UzIwMjIxMjIyEg54c3lzYzIwMTUwMjAyMxoIMXZkdnFzdW8%3D},
  abstract = {最美的时光走了,最好的时代却来临了.面对碎片化与移动化消费行为变迁趋势的我们,应该如何因需而变地进行营销变革呢? 找到“碎中心” 我们已经在前面讨论过,这早已是一个碎而再碎、裂而再裂的碎片化时代,但是,无论怎么碎片化,无论怎么去中心化,消费者都不会平均地分配自己的时间,他们总会在某些媒体、线上或线下的零售商上,投入更多的关注和更大的精力;他们总会在某些时间或空间上,倾注更多的热情去关注有关某些企业及品牌营销的相关事宜.},
  isbn = {1005-3530},
  langid = {chi}
}

@article{LuHanTiShangYeYinXingXinYongQiaYingXiaoCeLueTanXi2013,
  title = {商业银行信用卡营销策略探析},
  author = {陆汉梯},
  date = {2013},
  journaltitle = {经济师},
  number = {10},
  pages = {210-211+214},
  issn = {1004-4914},
  url = {https://kns.cnki.net/kcms/detail/detail.aspx?dbcode=CJFD&dbname=CJFD2013&filename=JJSS201310116&uniplatform=NZKPT&v=7ZnUsfyEPbAwpiHwO0JrOe5OfPY5nvihsM4Dt5lVm-RgvRk4lP-MF9qLFA4gHwMf},
  urldate = {2022-12-22},
  abstract = {文章以市场营销学为理论工具,从信用卡的特性出发,对商业银行在信用卡营销方面存在的问题进行分析,并结合商业银行的渠道特点,提出适合信用卡的渠道营销策略。},
  langid = {zh-CN},
  keywords = {信用卡,品牌营销,渠道营销,营销策略}
}

@incollection{lynn2015,
  title = {Segmenting and {{Targeting Your Market}}: {{Strategies}} and {{Limitations}}},
  shorttitle = {Segmenting and {{Targeting Your Market}}},
  booktitle = {The {{Cornell School}} of {{Hotel Administration}} on {{Hospitality}}},
  author = {Lynn, Michael},
  editor = {Sturman, Michael C. and Corgel, Jack B. and Verma, Rohit},
  date = {2015-09-11},
  pages = {351--369},
  publisher = {{John Wiley \& Sons, Inc.}},
  location = {{Hoboken, NJ, USA}},
  doi = {10.1002/9781119200901.ch23},
  url = {https://onlinelibrary.wiley.com/doi/10.1002/9781119200901.ch23},
  urldate = {2022-12-22},
  isbn = {978-1-119-20090-1 978-0-470-55499-9},
  langid = {english},
  file = {/home/xyh/Storage/Zotero/storage/66N26QUB/Lynn - 2015 - Segmenting and Targeting Your Market Strategies a.pdf}
}

@article{MaChen2021,
  title = {商业银行渠道发展与转型},
  author = {马晨},
  date = {2021},
  journaltitle = {中国金融},
  number = {8},
  pages = {72--73},
  url = {https://d.wanfangdata.com.cn/periodical/ChlQZXJpb2RpY2FsQ0hJTmV3UzIwMjIxMjIyEg16Z2pyMjAyMTA4MDI4GghmaHNjY3pwZA%3D%3D},
  abstract = {随着新技术的高速发展、客户成熟度的上升、需求的多样化、竞争的复杂化,客户消费习惯和银行各渠道的生态环境发生了巨大变化,网点客户数量呈断崖式下跌,现金收付需求量、ATM交易量大幅下降,客户离柜化、线上化趋势明显,传统银行渠道业务已经无法适应互联网金融时代的获客方式.银行各渠道之间如何有效配合、线上线下渠道未来的发展趋势和转型路径亟须分析研究.},
  isbn = {0578-1485},
  langid = {chi}
}

@article{MaHongYan2014,
  type = {10.3969/j.issn.1001-148X.2014.11.017},
  title = {基于内容营销的微信传播效果研究},
  author = {马红岩},
  date = {2014},
  journaltitle = {商业研究},
  number = {11},
  pages = {122--129},
  url = {https://d.wanfangdata.com.cn/periodical/ChlQZXJpb2RpY2FsQ0hJTmV3UzIwMjIxMjIyEg1zeXlqMjAxNDExMDE3Gghvbmh6bHU2NA%3D%3D},
  abstract = {作为社会化的新媒体，微信平台的传播效果备受企业关注。企业微信公众平台上的图文阅读人数可以代表企业微信传播的效果，决定企业微信公众平台的因素主要是微信平台好友数和平均分享转发人数。结合郑州树青微信公众平台推送的微信内容类型，本文将企业微信内容分为新闻类微信内容、推广类微信内容、养生类微信内容和家庭类微信内容等，认为不同类型的微信内容会对企业微信传播效果产生不同的影响。},
  isbn = {1001-148X},
  langid = {chi},
  keywords = {内容营销; 微信; 传播},
  annotation = {MA Hong-yan}
}

@article{MaHui2021,
  title = {社交网络时代影响力营销的广告法规制研究},
  author = {马辉},
  date = {2021},
  journaltitle = {东南大学学报（哲学社会科学版）},
  volume = {23},
  number = {1},
  pages = {32--40},
  url = {https://d.wanfangdata.com.cn/periodical/ChlQZXJpb2RpY2FsQ0hJTmV3UzIwMjIxMjIyEhRkbmR4eGItenhzaDIwMjEwMTAwNRoIMXZkdnFzdW8%3D},
  abstract = {社交网络时代的影响力营销广告具有去中心化传播、圈层化受众、社群认同式劝诱的特性.肇始于大众传媒时代的广告法难以对这种全新的广告传播模式进行有效规制.影响力营销信息传播行为常与个人言论或销售行为混同,引发行为定性的困境.信息传播主体的功能与大众传媒时代的广告主体亦有所不同,行政责任与民事责任的施加同样面临诸多障碍.对此,广告法应当继续准用保障消费者意思自治之价值目标,结合影响力营销中各个主体的功能重新厘定广告主体类型,强化影响力营销中圈层名人的广告标识义务,围绕圈层名人和广告主重构广告法责任的重心.对于直播带货引发的非理性消费,通过交易生效冷静期避免消费者的情绪化冲动决策.},
  isbn = {1671-511X},
  langid = {chi},
  keywords = {影响力营销; 直播带货; 隐蔽广告; 非理性决策; 广告法}
}

@article{MaKunKun2020,
  type = {10.13266/j.issn.0252-3116.2020.08.004},
  title = {深度数字阅读推广的内容营销机制研究},
  author = {马坤坤 and 茆意宏 and Zhang, Xiangmin and Anghelescu, Hermina and 朱玲玲},
  date = {2020},
  journaltitle = {图书情报工作},
  volume = {64},
  number = {8},
  pages = {32--40},
  url = {https://d.wanfangdata.com.cn/periodical/ChlQZXJpb2RpY2FsQ0hJTmV3UzIwMjIxMjIyEg90c3FiZ3oyMDIwMDgwMDQaCG9uaHpsdTY0},
  abstract = {[目的/意义]针对推广信息缺乏用户化设计等问题,提出一种基于内容营销理论来促进深度数字阅读推广效果提升、激发用户的深度数字阅读行为的新思路.[方法/过程]聚焦于推广信息视角,借鉴内容营销理论,结合深度数字阅读推广的内涵和特征,构建深度数字阅读推广的内容营销机制.[结果/结论]基于内容营销的深度数字阅读推广机制的特点主要体现在重视推广信息的设计、创建和传播,同时对目标用户、推广对象、推广主体、推广渠道、推广策略、推广评价等要素进行重塑;以推广信息为纽带,通过有价值的内容实现目标用户和推广对象的强关联,并以推广渠道、推广策略为支撑.},
  isbn = {0252-3116},
  langid = {chi},
  keywords = {数字阅读; 阅读推广; 深度阅读; 内容营销},
  annotation = {Ma Kunkun Mao Yihong Xiangmin Zhang Hermina Anghelescu Zhu Lingling}
}

@article{medina2021,
  title = {Side {{Effects}} of {{Nudging}}: {{Evidence}} from a {{Randomized Intervention}} in the {{Credit Card Market}}},
  shorttitle = {Side {{Effects}} of {{Nudging}}},
  author = {Medina, Paolina C},
  editor = {Jiang, Wei},
  date = {2021-04-16},
  journaltitle = {The Review of Financial Studies},
  volume = {34},
  number = {5},
  pages = {2580--2607},
  issn = {0893-9454, 1465-7368},
  doi = {10.1093/rfs/hhaa108},
  url = {https://academic.oup.com/rfs/article/34/5/2580/5903746},
  urldate = {2022-12-22},
  abstract = {Abstract             This paper studies the direct and indirect effects of nudging, by means of a field experiment with a financial management platform in Brazil. Reminders for upcoming credit card payments reduced credit card late-payment fees by 14\%, but increased overdraft fees in checking accounts by 9\%. The unintended effect is concentrated in users with a history of overdraft use. These users experienced a net increase of 5\% in total fees, while the rest experienced savings of 15\%. The results provide clear insights for nudge design: like any policy action, nudges can have side effects, and one size may not fit all.},
  langid = {english}
}

@article{naeem2021role,
  title = {The Role of Social Media in Internet Banking Transition during {{COVID-19}} Pandemic: {{Using}} Multiple Methods and Sources in Qualitative Research},
  author = {Naeem, Muhammad and Ozuem, Wilson},
  date = {2021},
  journaltitle = {Journal of Retailing and Consumer Services},
  volume = {60},
  pages = {102483},
  publisher = {{Elsevier}}
}

@article{NiJingYue2014,
  type = {10.3969/j.issn.1005-5800.2014.29.008},
  title = {信用卡市场营销的相关理论和文献综述},
  author = {倪璟玥},
  date = {2014},
  journaltitle = {中国商贸},
  number = {29},
  pages = {22--23},
  url = {https://d.wanfangdata.com.cn/periodical/ChlQZXJpb2RpY2FsQ0hJTmV3UzIwMjIxMjIyEhF6aG9uZ2dzbTIwMTQyOTAwOBoINnJhcGNqOXM%3D},
  abstract = {随着市场经济发展越来越迅速，中国银行业在面临机遇的同时，也面临着前所未有的挑战，信用卡业务在当前市场中，以较高的利润回报率得到金融行业的普遍重视，也逐渐成为当前竞争的主要焦点，各大银行都在争相发展信用卡业务，信用卡的市场营销也成为当前金融行业发展的主要问题。本文主要讨论的便是信用卡市场营销的相关理论和文献综述，以期为信用卡市场营销提供理论指导。},
  isbn = {1005-5800},
  langid = {chi},
  keywords = {信用卡市场营销; 理论; 文献综述}
}

@article{paul2014survey,
  title = {A Survey on Decentralized Online Social Networks},
  author = {Paul, Thomas and Famulari, Antonino and Strufe, Thorsten},
  date = {2014},
  journaltitle = {Computer Networks},
  volume = {75},
  pages = {437--452},
  publisher = {{Elsevier}}
}

@article{QianAnQi2011,
  type = {10.3969/j.issn.1003-4625.2011.01.024},
  title = {大学生办理信用卡影响因素的实证研究},
  author = {钱安琪 and 徐小龙},
  date = {2011},
  journaltitle = {金融理论与实践},
  number = {1},
  pages = {112--114},
  url = {https://d.wanfangdata.com.cn/periodical/ChlQZXJpb2RpY2FsQ0hJTmV3UzIwMjIxMjIyEhBqcmxseXNqMjAxMTAxMDI0Ggg2cmFwY2o5cw%3D%3D},
  abstract = {大学生成为银行信用卡产品的重要细分市场和争夺对象.本文运用调查问卷和因子分析方法,研究了影响大学生办理信用卡的因素,结果发现七个影响因子:附加服务、网络银行功能、银行规模、还款便利、持卡费用、异地使用便利、时尚美观.鉴此,本文提出了相应的营销启示,认为银行应重视信用卡的还款便利和异地使用便利度,加强附加服务和网络银行功能,降低持卡费用,设计时尚美观的信用卡,加大网络推销力度.},
  isbn = {1003-4625},
  langid = {chi},
  keywords = {信用卡; 大学生; 因子分析},
  annotation = {Qian An-qi Xu Xiao-long}
}

@article{QiuMingZhu2002,
  title = {加快发展信用卡业务},
  author = {邱明珠},
  date = {2002},
  journaltitle = {经济管理},
  number = {17},
  pages = {16--17},
  url = {https://d.wanfangdata.com.cn/periodical/ChlQZXJpb2RpY2FsQ0hJTmV3UzIwMjIxMjIyEg1qamdsMjAwMjE3MDA1GghuMzZrZWFjdQ%3D%3D},
  abstract = {自我国1985年6月发行第一张信用卡"长城卡"以来,我国的信用卡事业发展迅猛.我国银行业在发卡数量、发卡机构以及客户服务、市场营销等软、硬件环境上都取得了极大的发展.但是,与西方发达的信用卡业务相比,我国的信用卡业务有很多亟待解决的地方.银行业、特约商户、持卡人等信用卡相关利益方在某些基本概念的认识上,还有着许多模糊之处.},
  isbn = {1002-5766},
  langid = {chi}
}

@article{RenXiaoWei2005,
  type = {10.3969/j.issn.1009-9190.2005.05.005},
  title = {提高信用卡营销渠道效率研究},
  author = {任晓炜},
  date = {2005},
  journaltitle = {金融论坛},
  volume = {10},
  number = {5},
  pages = {32--35},
  url = {https://d.wanfangdata.com.cn/periodical/ChlQZXJpb2RpY2FsQ0hJTmV3UzIwMjIxMjIyEg9jc2pybHQyMDA1MDUwMDUaCG4zNmtlYWN1},
  abstract = {本文用经济学原理来分析信用卡营销渠道行为.文章指出销渠道是一串合约,分析渠道行为应该站在合约关系的角度上来分析.在目前各大国有商业银行内部市场没有充分建立这一市场环境下,这种合约关系主要表现为一种考核关系.目前信用卡市场上存在的大量的机会主义行为实质上是信息不对称下的败德行为.因为缺乏准确的考核信息,对一线客户经理的考核指标与集体的目标不一致,造成营销渠道效率降低.应通过更加精确的考核,来解决信息不对称的问题,提高渠道效率.本文给出了具有实质意义的方案来解决目前信用卡市场上存在的大量无效卡、睡眠卡的问题,并对该方案做了深入探讨.},
  isbn = {1009-9190},
  langid = {chi},
  keywords = {信用卡; 营销渠道; 信息不对称; 目标一致; 合约关系},
  annotation = {Ren Xaiowei}
}

@article{RenXiaoWei2005a,
  type = {10.3969/j.issn.1009-9190.2005.05.005},
  title = {提高信用卡营销渠道效率研究},
  author = {任晓炜},
  date = {2005},
  journaltitle = {金融论坛},
  volume = {10},
  number = {5},
  pages = {32--35},
  url = {https://d.wanfangdata.com.cn/periodical/ChlQZXJpb2RpY2FsQ0hJTmV3UzIwMjIxMjIyEg9jc2pybHQyMDA1MDUwMDUaCGZoc2NjenBk},
  abstract = {本文用经济学原理来分析信用卡营销渠道行为.文章指出销渠道是一串合约,分析渠道行为应该站在合约关系的角度上来分析.在目前各大国有商业银行内部市场没有充分建立这一市场环境下,这种合约关系主要表现为一种考核关系.目前信用卡市场上存在的大量的机会主义行为实质上是信息不对称下的败德行为.因为缺乏准确的考核信息,对一线客户经理的考核指标与集体的目标不一致,造成营销渠道效率降低.应通过更加精确的考核,来解决信息不对称的问题,提高渠道效率.本文给出了具有实质意义的方案来解决目前信用卡市场上存在的大量无效卡、睡眠卡的问题,并对该方案做了深入探讨.},
  isbn = {1009-9190},
  langid = {chi},
  keywords = {信用卡; 营销渠道; 信息不对称; 目标一致; 合约关系},
  annotation = {Ren Xaiowei}
}

@article{rowley2008understanding,
  title = {Understanding Digital Content Marketing},
  author = {Rowley, Jennifer},
  date = {2008},
  journaltitle = {Journal of marketing management},
  volume = {24},
  number = {5-6},
  pages = {517--540},
  publisher = {{Taylor \& Francis}}
}

@article{sahni2018personalization,
  title = {Personalization in Email Marketing: {{The}} Role of Noninformative Advertising Content},
  author = {Sahni, Navdeep S and Wheeler, S Christian and Chintagunta, Pradeep},
  date = {2018},
  journaltitle = {Marketing Science},
  volume = {37},
  number = {2},
  pages = {236--258},
  publisher = {{INFORMS}}
}

@article{ShaoYang2021,
  title = {图书馆内容营销的实践特征与发展策略},
  author = {邵阳},
  date = {2021},
  journaltitle = {图书馆工作与研究},
  number = {2},
  pages = {28--33,49},
  url = {https://d.wanfangdata.com.cn/periodical/ChlQZXJpb2RpY2FsQ0hJTmV3UzIwMjIxMjIyEhF0c2dnenl5ajIwMjEwMjAwNBoIb25oemx1NjQ%3D},
  abstract = {图书馆内容营销经历起步和发展两个阶段后,呈现出立足用户需求、鼓励用户参与、拓宽推广渠道、强化技术应用等典型特征,未来可从构建完善的内容营销机制、推进与用户持续而深度的沟通、灵活运用故事技巧与交互方式、打造图书馆品牌IP以沉淀用户等方面强化图书馆内容营销.},
  isbn = {1005-6610},
  langid = {chi},
  keywords = {内容营销; 用户需求; 移动互联网; 自有媒介; 社交媒体},
  annotation = {Shao Yang}
}

@article{ShengQi2021,
  type = {10.3969/j.issn.1002-5863.2021.07.023},
  title = {区块链精准机制对营销效果评估的影响},
  author = {盛琦},
  date = {2021},
  journaltitle = {商业经济研究},
  number = {7},
  pages = {91--93},
  url = {https://d.wanfangdata.com.cn/periodical/ChlQZXJpb2RpY2FsQ0hJTmV3UzIwMjIxMjIyEg1zeXNkMjAyMTA3MDIzGggxdmR2cXN1bw%3D%3D},
  abstract = {区块链数据存储结构所形成的精准机制已经广泛应用于经济领域,当前不能忽视区块链技术对企业营销效果的优化作用.从区块链的精准机制分析,去中心化会精准市场定位,通过直达消费者痛点增强其满意程度;安全与透明原则更能增强消费信任度,拉近消费感情,提高品牌认可度;开放与共识则实现品牌态度、购买意愿的一致性,可以扩展消费接受度;而互动与分享更能强化对品牌的消费忠诚度.区块链精准机制契合于汽车业营销的效果评估,对汽车销售市场认知率、精准率、销售转化率及市场占有率评估都会产生重要影响.在营销效果评估体系构建上,应以消费需求为切入点,精准运营投放,注重车企服务评价平台构建,强化全过程、全场景服务效果评估.},
  isbn = {1002-5863},
  langid = {chi},
  keywords = {区块链; 精准机制; 营销效果评估; 消费需求; 汽车行业}
}

@article{sheth2021next,
  title = {Next Frontiers of Research in Data Driven Marketing: {{Will}} Techniques Keep up with Data Tsunami?},
  author = {Sheth, Jagdish and Kellstadt, Charles H},
  date = {2021},
  journaltitle = {Journal of Business Research},
  volume = {125},
  pages = {780--784},
  publisher = {{Elsevier}}
}

@article{ShiLingGe2004,
  type = {10.3969/j.issn.1003-4625.2004.05.014},
  title = {促进我国旅游信用消费的建议},
  author = {史灵歌},
  date = {2004},
  journaltitle = {金融理论与实践},
  number = {5},
  pages = {38--39},
  url = {https://d.wanfangdata.com.cn/periodical/ChlQZXJpb2RpY2FsQ0hJTmV3UzIwMjIxMjIyEhBqcmxseXNqMjAwNDA1MDE0Ggg2cmFwY2o5cw%3D%3D},
  abstract = {当前,旅游消费已经成为我国新的经济增长点,发展信用消费对于扩大国内旅游需求具有重要意义.针对目前我国旅游信用消费发展过程中存在的问题,应采取有效措施,加强营销工作、拓展信用卡业务、转变消费观念、建立健全个人信用制度和相关法律、推行带薪休假制度、完善社会保障体系,推进旅游信用消费的健康发展.},
  isbn = {1003-4625},
  langid = {chi},
  keywords = {信用消费; 旅游消费信贷; 个人信用制度}
}

@book{silk2006,
  title = {What Is Marketing?},
  author = {Silk, Alvin J.},
  date = {2006},
  publisher = {{Harvard Business Press}},
  file = {/home/xyh/Storage/Zotero/storage/P7LQGXI5/Silk - 2006 - What is marketing.pdf}
}

@article{soonsawad2013developing,
  title = {Developing a New Model for Conversion Rate Optimization: {{A}} Case Study},
  author = {Soonsawad, Pim},
  date = {2013},
  journaltitle = {International Journal of Business and Management},
  volume = {8},
  number = {10},
  pages = {41},
  publisher = {{Canadian Center of Science and Education}}
}

@article{stango2000,
  title = {Competition and {{Pricing}} in the {{Credit Card Market}}},
  author = {Stango, Victor},
  date = {2000-08},
  journaltitle = {Review of Economics and Statistics},
  shortjournal = {Review of Economics and Statistics},
  volume = {82},
  number = {3},
  pages = {499--508},
  issn = {0034-6535, 1530-9142},
  doi = {10.1162/003465300558858},
  url = {https://direct.mit.edu/rest/article/82/3/499-508/57179},
  urldate = {2022-12-22},
  langid = {english}
}

@book{strangComputationalScienceEngineering2012,
  title = {Computational Science and Engineering},
  author = {Strang, Gilbert},
  date = {2012},
  edition = {Second printing},
  publisher = {{Wellesley-Cambridge Press}},
  location = {{Wellesley, MA}},
  isbn = {978-0-9614088-1-7},
  langid = {english},
  pagetotal = {735},
  file = {/home/xyh/Storage/Zotero/storage/ISX994JT/Wissenschaftliches Rechnen (Springer-Lehrb - Gilbert Strang.pdf;/home/xyh/Storage/Zotero/storage/V9SHMM3K/[Gilbert_Strang]_Computational_science_and_enginee(book4you.org).djvu;/home/xyh/Storage/Zotero/storage/Y2RV87GD/Strang - 2012 - Computational science and engineering.pdf}
}

@book{strangLinearAlgebraLearning2019,
  title = {Linear Algebra and Learning from Data},
  author = {Strang, Gilbert},
  date = {2019},
  publisher = {{Wellesley-Cambridge press}},
  location = {{Wellesley}},
  isbn = {978-0-692-19638-0},
  langid = {english},
  file = {/home/xyh/Storage/Zotero/storage/4TZKQ3IP/Strang - Linear Algebra and Learning from Data.pdf}
}

@article{SunJiaYing2003,
  type = {10.3969/j.issn.1009-3370.2003.05.029},
  title = {浅析中国信用卡市场现状及应采取的营销策略},
  author = {孙佳盈},
  date = {2003},
  journaltitle = {北京理工大学学报（社会科学版）},
  volume = {5},
  number = {5},
  pages = {89--90,93},
  url = {https://d.wanfangdata.com.cn/periodical/ChlQZXJpb2RpY2FsQ0hJTmV3UzIwMjIxMjIyEhdiamxnZHh4Yi1zaGt4YjIwMDMwNTAyORoIbjM2a2VhY3U%3D},
  abstract = {信用卡是一种先进的结算手段和支付工具,也是一种新颖的消费信贷方式.信用卡市场的扩大可以成为吸引存款和增加信贷资金的手段,可以加快社会资金的周转速度,也可以方便消费活动.在我国,信用卡业务的发展刚刚起步,市场营销中还存在一系列有待改进的问题,需要采取有效的市场营销策略,促进潜力巨大的信用卡市场的大发展.},
  isbn = {1009-3370},
  langid = {chi},
  keywords = {信用卡; 消费信贷; 市场营销}
}

@article{SunQuanSheng2014,
  title = {去中心化营销},
  author = {孙全胜},
  date = {2014},
  journaltitle = {新营销},
  number = {8},
  pages = {2},
  url = {https://d.wanfangdata.com.cn/periodical/ChlQZXJpb2RpY2FsQ0hJTmV3UzIwMjIxMjIyEhdRS0MyMDE0MjAxNDEwMjMwMDAxNTU2MhoIMXZkdnFzdW8%3D},
  langid = {chi},
  keywords = {去中心化; 米尔顿; 营销大师; 市场细分; 新营销; 科特勒; 麦肯; 社交媒体; 知人; 中国企业}
}

@article{TangWeiDong2011,
  type = {10.3969/j.issn.1008-0821.2011.10.008},
  title = {基于关键词效能的搜索引擎优化策略分析},
  author = {唐卫东 and 刘存后},
  date = {2011},
  journaltitle = {现代情报},
  volume = {31},
  number = {10},
  pages = {36--41},
  url = {https://d.wanfangdata.com.cn/periodical/ChlQZXJpb2RpY2FsQ0hJTmV3UzIwMjIxMjIyEg14ZHFiMjAxMTEwMDA4Gggxcjdiem9heg%3D%3D},
  abstract = {介绍基于用户需求分析的搜索引擎优化策略,结合某网站的优化研究实例,提出建立在关键词效能算法、网站结构优化基础上的网站推广可行性方案.研究结果表明,这些优化策略有助于提高搜索引擎页面收录量和在搜索引擎的自然排名,从而获得更高的访问量.所讨论的内容适合中小企业电子商务网站的中长期优化和推广.},
  isbn = {1008-0821},
  langid = {chi},
  keywords = {搜索引擎优化; 网站推广; 情报分析; 关键词分析; 关键词效能},
  annotation = {Tang Weidong Liu Cunhou}
}

@article{TangXiao2022,
  title = {数字化转型视角下信用卡线上获客方式的思考和探索},
  author = {汤啸 and 周莹},
  date = {2022},
  journaltitle = {中国信用卡},
  number = {3},
  pages = {46-49 \%K},
  url = {https://d.wanfangdata.com.cn/periodical/ChlQZXJpb2RpY2FsQ0hJTmV3UzIwMjIxMjIyEhF6Z3h5ay16eTIwMjIwMzAyNBoIbzF4bDY3a2I%3D %R},
  abstract = {"十四五"规划提出,提升传统消费,培育新型消费,加快线上线下融合发展,这为金融机构零售业务转型发展指明了方向.对于信用卡业务,商业银行只有践行线上线下客户一体化经营策略,走轻资产、轻渠道运营路线,才能有效提升客户服务效率和体验,进一步降低运营成本,最终在"双循环"发展格局下赢得新金融实践的先机.本文拟对商业银行信用卡线上获客面临的形势及现状进行分析,并从数字化转型视角为商业银行提升信用卡线上获客率提供一些建议.},
  isbn = {1009-2056},
  langid = {chi}
}

@article{TangXiaoYuan2010,
  title = {商业银行信用卡营销的问题与对策},
  author = {汤晓源},
  date = {2010},
  journaltitle = {新金融},
  number = {9},
  pages = {57--59},
  url = {https://d.wanfangdata.com.cn/periodical/ChlQZXJpb2RpY2FsQ0hJTmV3UzIwMjIxMjIyEgx4anIyMDEwMDkwMTIaCG4zNmtlYWN1},
  abstract = {本文分析了信用卡交叉销售的意义和优势,指出交叉销售信用卡是银行突破发卡瓶颈的利器,是银行维系优质客户和提升服务水平的纽带,是银行完善客户信息和实现客户价值最大化的重要途径.通过分析交叉销售信用卡过程存在的考核机制有待完善、数据信息缺乏、政策渠道有待改进和应用、以客户为中心的销售理念和模式有待建立等主要问题,提出有效的交叉销售信用卡的对策,即建立总分行一体化分配和考核机制,提高客户信息完整性和准确性,优化销售政策和流程,加强客户接触点管理等.},
  isbn = {1006-1770},
  langid = {chi},
  keywords = {商业银行业务; 信用卡业务; 交叉销售; 管理对策}
}

@article{TianXinYuan2010,
  type = {10.3969/j.issn.1001-8409.2010.03.030},
  title = {基于Cox模型的信用卡顾客生命周期影响因素研究},
  author = {田欣媛 and 周镭},
  date = {2010},
  journaltitle = {软科学},
  volume = {24},
  number = {3},
  pages = {141--144},
  url = {https://d.wanfangdata.com.cn/periodical/ChlQZXJpb2RpY2FsQ0hJTmV3UzIwMjIxMjIyEgxya3gyMDEwMDMwMzAaCG4zNmtlYWN1},
  abstract = {采用西安市商业银行信用卡顾客的抽样调查数据,应用Cox比例风险回归模型分析了影响信用卡顾客生命周期的各种因素.分析结果表明:年龄、月可支配收入、持有张数、钱包份额、月均消费额和持卡类型是影响顾客生命周期的6个独立因素,且全部为保护因素.商业银行信用卡管理部门可以利用这些因素对顾客的危险率进行计算,来识别持卡生命周期较长的顾客,并针对不同的顾客采取差异化的营销和管理服务,进而提高信用卡业务的盈利水平.},
  isbn = {1001-8409},
  langid = {chi},
  keywords = {信用卡; Cox模型; 顾客生命周期; 比例风险假定}
}

@article{vrontis2021social,
  title = {Social Media Influencer Marketing: {{A}} Systematic Review, Integrative Framework and Future Research Agenda},
  author = {Vrontis, Demetris and Makrides, Anna and Christofi, Michael and Thrassou, Alkis},
  date = {2021},
  journaltitle = {International Journal of Consumer Studies},
  volume = {45},
  number = {4},
  pages = {617--644},
  publisher = {{Wiley Online Library}}
}

@article{WangChangZheng2004,
  title = {消费文化中的关系营销障碍与后现代主义市场营销},
  author = {王长征},
  date = {2004},
  journaltitle = {经济管理},
  number = {2},
  pages = {68--74},
  url = {https://d.wanfangdata.com.cn/periodical/ChlQZXJpb2RpY2FsQ0hJTmV3UzIwMjIxMjIyEg1qamdsMjAwNDAyMDExGggxdmR2cXN1bw%3D%3D},
  abstract = {消费文化与营销范式之间是一种动态的辩证关系,当代消费文化的变迁必然要求对传统营销范式进行根本性的反思.后现代主义消费文化的特征,包括超现实与享乐主义、不确定性与承诺的丧失、分裂与折衷主义以及主体的去中心化与颠倒的生产和消费等,内在地为目前的关系营销设置了障碍.为了适应当代消费文化的变迁,必须对目前的关系营销范式与技术进行某些后现代主义的修正.},
  isbn = {1002-5766},
  langid = {chi},
  keywords = {后现代主义; 消费文化; 关系营销; 后现代营销}
}

@article{WangDaHai2009,
  title = {信用卡消费偏好与营销策略制定——以北京、天津、上海和深圳地区青年白领人群为例},
  author = {王大海 and 韩德昌 and 郑玉香},
  date = {2009},
  journaltitle = {金融论坛},
  number = {5},
  pages = {57--64},
  url = {https://d.wanfangdata.com.cn/periodical/ChlQZXJpb2RpY2FsQ0hJTmV3UzIwMjIxMjIyEg9jc2pybHQyMDA5MDUwMDkaCG4zNmtlYWN1},
  abstract = {本文以抽样调查北京、天津、上海、深圳四个典型城市的青年白领人群为基础,借助联合分析法,实证研究了品牌形象、促销诱因、服务便利性和感知风险对青年白领群体信用卡消费偏好的影响.总体而言,品牌形象与服务便利性因素是青年白领最重视的因素.进一步按信用卡使用情况、性别、受教育水平和月平均收入四个方面对青年白领加以细分发现,具有不同人口特征的青年白领在四种属性上的偏好存在明显差异.这表明中国信用卡市场在个人消费特征上具有分层特性,发卡机构应针对消费者不同的利益诉求有针对性地制定营销策略.},
  isbn = {1009-9190},
  langid = {chi},
  keywords = {信用卡; 青年白领; 消费偏好; 联合分析法; 营销策略},
  annotation = {Wang Da-hai HAN De-chang ZHENG Yu-xiang}
}

@article{WangDaHai2011,
  title = {信用卡使用意向成因分析及其营销策略研究},
  author = {王大海 and 郑玉香},
  date = {2011},
  journaltitle = {上海金融},
  number = {2},
  pages = {76--82},
  url = {https://d.wanfangdata.com.cn/periodical/ChlQZXJpb2RpY2FsQ0hJTmV3UzIwMjIxMjIyEg1zaGpyMjAxMTAyMDE2GghuMzZrZWFjdQ%3D%3D},
  abstract = {本文在计划行为理论的基础上,使用结构方程模型等数理统计方法,探析了消费者信用卡使用意向的影响因素,进而建构了消费者信用卡使用意向模型.研究表明,计划行为理论中信用卡态度和知觉行为控制变量对消费者信用卡使用意向有重要影响.此外,研究还进一步将消费者信用卡态度区分为便利性态度、金钱与信用态度,实证研究显示便利性态度对信用卡使用意向有重要影响,这种区分是合理的和必要的.最后,研究提出实务建议,为中国信用卡业务的完善和发展提供决策依据.},
  isbn = {1006-1428},
  langid = {chi},
  keywords = {便利性态度; 金钱与信用态度; 知觉行为控制; 计划行为理论; 信用卡营销},
  annotation = {Wang Dahai Zheng Yuxiang}
}

@article{WangDaHai2011a,
  type = {10.3969/j.issn.1672-884X.2011.11.016},
  title = {基于计划行为理论的信用卡使用意向分析及其营销策略研究},
  author = {王大海 and 姚飞 and 郑玉香},
  date = {2011},
  journaltitle = {管理学报},
  volume = {8},
  number = {11},
  pages = {1682--1689,1713},
  url = {https://d.wanfangdata.com.cn/periodical/ChlQZXJpb2RpY2FsQ0hJTmV3UzIwMjIxMjIyEg1nbHhiMjAxMTExMDE2Ggg2cmFwY2o5cw%3D%3D},
  abstract = {在计划行为理论的基础上,使用结构方程模型等数理统计方法,探析了消费者信用卡使用意向的影响因素,建构了消费者信用卡使用意向模型.研究表明,计划行为理论中信用卡态度和知觉行为控制变量对消费者信用卡使用意向有重要影响.此外,研究还进一步将消费者信用卡态度区分为便利性态度、金钱与信用态度,实证研究显示便利性态度对信用卡使用意向有重要影响,并且这种区分是合理的和必要的.},
  isbn = {1672-884X},
  langid = {chi},
  keywords = {便利性态度; 金钱与信用态度; 知觉行为控制; 计划行为理论; 信用卡营销},
  annotation = {WANG Dahai YAO Fei ZHENG Yuxiang}
}

@article{WangDaHai2011b,
  title = {信用卡使用意向成因分析及其营销策略研究},
  author = {王大海 and 郑玉香},
  date = {2011},
  journaltitle = {上海金融},
  number = {2},
  pages = {76--82},
  url = {https://d.wanfangdata.com.cn/periodical/ChlQZXJpb2RpY2FsQ0hJTmV3UzIwMjIxMjIyEg1zaGpyMjAxMTAyMDE2Ggg2cmFwY2o5cw%3D%3D},
  abstract = {本文在计划行为理论的基础上,使用结构方程模型等数理统计方法,探析了消费者信用卡使用意向的影响因素,进而建构了消费者信用卡使用意向模型.研究表明,计划行为理论中信用卡态度和知觉行为控制变量对消费者信用卡使用意向有重要影响.此外,研究还进一步将消费者信用卡态度区分为便利性态度、金钱与信用态度,实证研究显示便利性态度对信用卡使用意向有重要影响,这种区分是合理的和必要的.最后,研究提出实务建议,为中国信用卡业务的完善和发展提供决策依据.},
  isbn = {1006-1428},
  langid = {chi},
  keywords = {便利性态度; 金钱与信用态度; 知觉行为控制; 计划行为理论; 信用卡营销},
  annotation = {Wang Dahai Zheng Yuxiang}
}

@article{WangDaHai2012,
  type = {10.3969/j.issn.1001-8409.2012.03.030},
  title = {信用卡信贷使用行为成因及其营销策略研究},
  author = {王大海 and 刘建华 and 申成霖},
  date = {2012},
  journaltitle = {软科学},
  volume = {26},
  number = {3},
  pages = {140--144},
  url = {https://d.wanfangdata.com.cn/periodical/ChlQZXJpb2RpY2FsQ0hJTmV3UzIwMjIxMjIyEgxya3gyMDEyMDMwMzAaCG4zNmtlYWN1},
  abstract = {采用结构方程模型等数理统计方法,以态度、个性特征和文化适应性为主要研究构面,对消费者心理和社会文化因素关于信用卡信贷使用行为的影响进行了研究,并分别建构了循环信贷模型和分期付款模型.研究证明,金钱信用态度以及文化适应对循环信贷、分期付款行为均具有显著的影响关系.个性特征中对循环信贷使用行为具有显著影响的因素依次是:冲动性、延迟享乐、外控、内控.对分期付款使用行为产生显著影响的因素依次是:延迟享乐、冲动性、内控.研究还发现,自尊与循环信贷、分期付款行为的关系并不显著.},
  isbn = {1001-8409},
  langid = {chi},
  keywords = {循环信贷; 分期付款; 个性特征; 文化适应; 信用卡营销},
  annotation = {WANG Da-hai LIU Jian-hua SHEN Cheng-lin}
}

@thesis{WangDiYYinXingCunLiangXinYongQiaKeHuJiHuoYuCeYuCuHuoYingXiaoCeLueYanJiu2022,
  type = {硕士学位论文},
  title = {Y银行存量信用卡客户激活预测与促活营销策略研究},
  author = {王迪},
  date = {2022},
  institution = {{电子科技大学}},
  doi = {10.27005/d.cnki.gdzku.2022.001484},
  url = {https://kns.cnki.net/kcms/detail/detail.aspx?dbcode=CMFD&dbname=CMFDTEMP&filename=1022546256.nh&uniplatform=NZKPT&v=809CtTtV1V4BKCuwPM8aB897vJlgp24c_M63IQrIsFYosNJZmMP0DGNRu4TVVTyh},
  urldate = {2022-12-22},
  abstract = {信用卡业务作为银行的一项主营业务,随着经济的发展,信用管理体系的变革和居民消费习惯的转型,已由“跑马圈地”阶段转向了“精细耕作”阶段。加强存量信用卡客户管理已成为了商业银行信用卡业务发展的重要方向,而随着大数据技术的进步,商业银行可以借助技术更高效地利用行内客户的历史数据,通过多种数据挖掘方法对存量信用卡客户进行分析和研究,帮助银行提升存量信用卡客户管理水平。本文通过对Y银行存量信用卡客户的现状进行分析,将客户关系管理等管理学知识作为理论支撑,找出了目前Y银行存量信用卡客户管理中还需要提升和完善的地方,即由于对存量客户管理中信用卡账户激活管理工作不到位使得客户整体激活率不高,进而影响到了Y银行存量信用卡客户整体活跃率并间接导致了大量客户的流失。针对以上问题本文也给出了相应的解决方案,即利用历史数据构建数据挖掘的模型,以数据驱动的方式来优化和完善Y银行存量信用卡客户激活及用卡提升策略,主要内容如下:一是完善存量客户的识别工作,构建分类模型预测潜在的激活客户,从而实现对潜在激活客户的精准识别,在模型构建方法上采用了目前较为流行的XGBoost方法,并利用了XGBoost反馈的特征重要性特点从而反推出了能够影响客户激活卡的主要因素,并针对这些因素进行了有效分析,为解决Y银行存量客户管理中对客户账户激活的管理提供了数据支撑,同时为下一步如何针对潜在激活客户进行有效的促活营销指明了方向。二是对于Y银行来说,由于其存量客户数量巨大,其在促活营销经费等资源的投入上往往也是有限的,这也导致了在对客户促活内容上无法面面俱到,因此为了有效缓解上述的问题,从而最大限度的利用好有限的银行营销资源,本文从提取满足高激活特征且已激活的客户最近一年的信用卡交易流水数据,利用文本分析技术挖掘出存量客户群体中的消费偏好,并依据这些偏好并借鉴电信行业CPCT营销策略来对客户进行更加精准地营销活动,从而能够更加有效地提升客户的激活和用卡活跃度。本文的研究结果为Y银行存量信用卡客户管理尤其是客户账户激活管理问题提供了解决方案,为Y银行在信用卡业务数字化转型发展提供了有力支持,同时本文所采用的相关研究方法与结果也可供其他同业参考。},
  editora = {梁德翠},
  editoratype = {collaborator},
  langid = {zh-CN},
  keywords = {Activation prediction,Credit Card,Customer Relationship Management,XGBoost algorithm,XGBoost算法,信用卡,客户管理,激活预测}
}

@article{WangLingZi2021,
  type = {10.3969/j.issn.1002-4166.2021.11.005},
  title = {图书直播带货的高销量主播营销探析 ——基于抖音APP图书直播账号的实证研究},
  author = {王翎子 and 张志强},
  date = {2021},
  journaltitle = {中国出版},
  number = {11},
  pages = {19--25},
  url = {https://d.wanfangdata.com.cn/periodical/ChlQZXJpb2RpY2FsQ0hJTmV3UzIwMjIxMjIyEg16Z2NiMjAyMTExMDA1GggxdmR2cXN1bw%3D%3D},
  abstract = {以抖音为代表的"社交+内容+电商"的直播带货平台,改变了传统图书营销逻辑,以经销商为主导变为以"网红"流量为主导.基于抖音主播账号的实证研究发现,图书直播带货高销量主播呈现去中心化特点,素人主播成为中坚力量,面向不同受众群体,垂直构建营销场景,直播带货正在重塑图书营销逻辑,精英文化"文本权力"被消解,知识生产与传播方式亦受到影响.},
  isbn = {1002-4166},
  langid = {chi},
  keywords = {图书营销; 直播带货; 主播; 实证研究}
}

@article{WangMeiMei2020,
  type = {10.3969/j.issn.1002-5863.2020.20.017},
  title = {渠道视角的营销模式整合与创新机制研究},
  author = {王美美},
  date = {2020},
  journaltitle = {商业经济研究},
  number = {20},
  pages = {67--70},
  url = {https://d.wanfangdata.com.cn/periodical/ChlQZXJpb2RpY2FsQ0hJTmV3UzIwMjIxMjIyEg1zeXNkMjAyMDIwMDE3GggxdmR2cXN1bw%3D%3D},
  abstract = {营销4.0是新时代营销价值链的全新定义,是大数据、人工智能和物联网等技术对营销的深入应用.由此带来的营销行为可预测化,也深刻改变了营销的渠道结构.渠道建设是企业营销战略的重要环节,伴随不同营销时代的发展,渠道建设和整合的趋势和特征也有所不同.基于营销4.0时代的全渠道整合,具有线上线下融合、去中心的网络化、厂家与消费者双向即时沟通等明显特征.不仅提升了厂家的营销效率,而且减少了资源的浪费,对新时代经济的高质量发展有重要意义.本文从不同营销时代的渠道特点分析营销4.0时代的渠道发展趋势、整合特征和创新表现,提出营销4.0时代的全渠道整合模型,以便为企业的营销战略提供参考依据.},
  isbn = {1002-5863},
  langid = {chi},
  keywords = {营销4.0; 全渠道整合; 大数据; 场景式消费; 创新机制}
}

@article{WangWeiBing2016,
  title = {网红经济的生成逻辑、伦理反思及规范引导},
  author = {王卫兵},
  date = {2016},
  journaltitle = {求实},
  number = {8},
  pages = {43--49},
  url = {https://d.wanfangdata.com.cn/periodical/ChlQZXJpb2RpY2FsQ0hJTmV3UzIwMjIxMjIyEgtxczIwMTYwODAwNhoIbjZtcGU1Y3M%3D %R},
  abstract = {网红经济作为一种新兴的商业模式,是随着网红的兴起而发展起来的.网红经济的产生有其内在的生成逻辑,其中网络条件下的自媒体趋势是前提,社会价值多元化、社会心态多样化是基础,我国经济结构调整、经济生产方式转变是现实背景.当前网红经济存在着诸如网红价值多元化对主流价值观的冲击、社会成员急功近利心态、网红经济行为中的商业诚信危机等问题.为了促进网红经济的健康稳步发展,应该加强对网红经济的规范与引导,强化对网红经济监管的力度,弘扬社会主义核心价值观,提升网红自身的道德修养.},
  isbn = {1007-8487},
  langid = {chi},
  keywords = {网红经济; 生成逻辑; 伦理反思; 规范引导}
}

@article{WangXing2015,
  type = {10.3969/j.issn.1002-980X.2015.03.014},
  title = {客户特征对商业银行信用卡业务盈利水平的影响},
  author = {王星 and 金淳 and 李延喜},
  date = {2015},
  journaltitle = {技术经济},
  volume = {34},
  number = {3},
  pages = {90--96},
  url = {https://d.wanfangdata.com.cn/periodical/ChlQZXJpb2RpY2FsQ0hJTmV3UzIwMjIxMjIyEg1qc2pqMjAxNTAzMDE0GghuMzZrZWFjdQ%3D%3D},
  abstract = {以中国商业银行的92837个信用卡客户为研究样本,根据客户的自然特征,运用两步聚类法对之进行分类,甄别出高盈利客户的特征.利用客户样本过去一年的交易记录测算各类客户对应的信用卡业务的盈利水平.以能给银行信用卡业务带来高盈利的客户为例,对其特征(包括自然特征和消费行为特征)与银行信用卡业务盈利水平的关系进行回归分析.研究结果显示:信用卡客户的自然特征和消费行为特征与商业银行信用卡业务的盈利水平具有一定相关性.提出:商业银行应运用数据挖掘技术精准识别高盈利客群、科学预估客户的盈利水平、合理配置营销资源以实现客户终身价值最大化.},
  isbn = {1002-980X},
  langid = {chi},
  keywords = {商业银行; 信用卡; 客户特征; 盈利水平},
  annotation = {Wang Xing Jin Chun Li Yanxi}
}

@article{WuFengYing2022,
  type = {10.3969/j.issn.1009-9263.2022.02.011},
  title = {私域营销:品牌破局之新方向},
  author = {吴凤颖},
  date = {2022},
  journaltitle = {传媒},
  number = {2},
  pages = {30--32},
  url = {https://d.wanfangdata.com.cn/periodical/ChlQZXJpb2RpY2FsQ0hJTmV3UzIwMjIxMjIyEg9jaHVhbm0yMDIyMDIwMTEaCDF2ZHZxc3Vv},
  abstract = {2021年是公域流量和私域流量博弈元年,品牌走到了存量竞争时代,私域营销成为很多行业头部品牌突破发展瓶颈的必选项,其他企业也开始布局私域营销.当前,分析私域营销兴起的背景、营销价值及应用,有助于品牌破局,实现价值增长.微博、微信、抖音、快手、小红书等带有强烈社交属性媒体平台的发展,带来了去中心化的传播,这使得兴趣爱好不同的用户分布在不同的平台上,呈现出碎片化、分散化的状态.与此同时,日益成熟的电商基础设施和支付技术与各种媒体渠道融合,也催生了无处不在的销售通路,这些共同构成了新的营销格局.在新格局下,私域营销走向了公众视野,并被很多企业践行,私域营销与公域营销的价值比对也成为业界关注的话题,众多品牌主都在着力探索如何用私域营销来破局,助力品牌发展.},
  isbn = {1009-9263},
  langid = {chi}
}

@article{WuMeng2016,
  type = {10.11968/tsyqb.1003-6938.2016030},
  title = {图书馆内容营销的应用实践与发展研究},
  author = {吴萌 and 洪跃},
  date = {2016},
  journaltitle = {图书与情报},
  number = {2},
  pages = {53--57},
  url = {https://d.wanfangdata.com.cn/periodical/ChlQZXJpb2RpY2FsQ0hJTmV3UzIwMjIxMjIyEg50c3lxYjIwMTYwMjAwORoIb25oemx1NjQ%3D},
  abstract = {内容营销正在影响并改变着图书馆传统的营销理念和战略。文章在阐述内容营销的概念范畴及图书馆应用研究意义的基础上，结合国内外众多图书馆开展的内容营销案例，对图书馆内容营销服务的主旨内容、多样化内容形式及内容营销平台进行了分析，并就图书馆内容营销的发展策略从战略性统筹规划、内容设计、稳定价值内容的“生存期”、营销团队建设及反馈评估程序设置等五个方面进行了探索性研究。},
  isbn = {1003-6938},
  langid = {chi},
  keywords = {图书馆; 内容营销; 案例研究}
}

@article{WuXiaoJun2012,
  type = {10.3969/j.issn.1001-9316.2012.07.004},
  title = {社交媒体背景下的图书营销策略——生产性受众与“圈子化”探析},
  author = {吴小君 and 龚捷},
  date = {2012},
  journaltitle = {出版发行研究},
  number = {7},
  pages = {14--16},
  url = {https://d.wanfangdata.com.cn/periodical/ChlQZXJpb2RpY2FsQ0hJTmV3UzIwMjIxMjIyEg9jYmZ4eWoyMDEyMDcwMDQaCDF2ZHZxc3Vv},
  abstract = {本文从社交网络信息传播去中心化与信息碎片化的传播特点入手,分析在这两大特点下,生产性受众与目标受众细分后的“圈子化”对图书营销的影响与作用;通过分析生产性受众与社交媒体的关系,以及意见领袖与个性化阅读对图书营销产生的作用和影响,得出社交网络将会让图书营销中的冷门不再“冷”结论.},
  isbn = {1001-9316},
  langid = {chi},
  keywords = {社交网络; 图书营销; 生产性受众; 圈子化}
}

@article{WuXueFeng2020,
  type = {10.3969/j.issn.1002-5863.2020.19.017},
  title = {新生代群体消费行为趋势及营销路径转型升级},
  author = {吴雪丰},
  date = {2020},
  journaltitle = {商业经济研究},
  number = {19},
  pages = {72--75},
  url = {https://d.wanfangdata.com.cn/periodical/ChlQZXJpb2RpY2FsQ0hJTmV3UzIwMjIxMjIyEg1zeXNkMjAyMDE5MDE3GggxdmR2cXN1bw%3D%3D},
  abstract = {60后、70后及80后的消费行为及消费习惯逐渐单一化及去中心化,90后及00后等新一代主流消费人群开始引领着社会消费潮流,消费内容及消费行为更加个性化、多元化及差异化.本文基于新生代群体的界定及群体特征分析,对新生代群体消费行为趋势及营销路径进行研究.结果表明:新生代群体消费方式网络化,支付方式移动化,消费观念个性化、差异化及品牌化,超前消费观念流行,推崇娱乐至上消费理念,消费内容多元化,流行二次元风.针对新生代群体特征及消费行为趋势,可以利用大数据技术构建消费数据平台,多维度进行新生代群体用户画像分析、标签化管理、多维度分析及广告渠道评价,完善客户互动管理平台,推动全渠道目标客户精准营销及社群营销,打造"线下体验+线上购买"新零售模式,从而实现营销路径转型升级.},
  isbn = {1002-5863},
  langid = {chi},
  keywords = {新生代; 消费群体; 消费行为; 营销路径; 零售模式}
}

@article{XiaoYang2018,
  type = {10.13786/j.cnki.cn14-1066/g2.2018.12.005},
  title = {自媒体平台社群营销的关系链研究},
  author = {肖洋},
  date = {2018},
  journaltitle = {编辑之友},
  number = {12},
  pages = {27--30},
  url = {https://d.wanfangdata.com.cn/periodical/ChlQZXJpb2RpY2FsQ0hJTmV3UzIwMjIxMjIyEhBiaWFuanp5MjAxODEyMDA3GggxdmR2cXN1bw%3D%3D},
  abstract = {人际交往的强关系、弱关系一般呈现二元对立格局,但在自媒体社群营销中,强弱关系作为关系链的两个维度,处于交替的转换与融合中.弱关系作用于社群营销表现为扩张读者矩阵、内容矩阵和渠道矩阵的加法增量,强关系作用则表现为读者圈层、知识增值、情感归属的减法收敛.关系链融合驱动强弱关系的转换协同,从弱关系的“去中心化”到强关系的“再中心化”,从强关系的移动场景到弱关系的多元产业链,构建起“自媒体+社群+产业”的价值链,实现自媒体平台的社群营销理念由共享经济向信任经济转型创新.},
  isbn = {1003-6687},
  langid = {chi},
  keywords = {社群营销; 自媒体; 弱关系; 关系链},
  annotation = {XIAO Yang}
}

@article{XieXiaoXia2009,
  title = {基于搜索引擎优化的企业网站设计策略研究},
  author = {薛晓霞 and 王晓红 and 王磊},
  date = {2009},
  journaltitle = {生产力研究},
  number = {12},
  pages = {156--157,184},
  url = {https://d.wanfangdata.com.cn/periodical/ChlQZXJpb2RpY2FsQ0hJTmV3UzIwMjIxMjIyEg5zY2x5ajIwMDkxMjA1NxoIMXI3YnpvYXo%3D %R},
  abstract = {随着电子商务的发展,许多企业建立了自己的网站,但网站的推广一直是困扰企业的问题.搜索引擎优化技术可以提升网站在搜索引擎的自然排名,对企业网站推广有巨大价值.文章从搜索引擎工作原理入手,分析搜索引擎评价网站的方法.从网站设计的角度提出搜索引擎优化的一些策略.},
  isbn = {1004-2768},
  langid = {chi},
  keywords = {搜索引擎优化; 搜索引擎优化策略; 网站推广}
}

@article{XuWei2008,
  type = {10.3969/j.issn.1009-9190.2008.06.007},
  title = {金融市场开放背景下信用卡业务发展态势研究},
  author = {许伟 and 曾屹 and 陈兴海},
  date = {2008},
  journaltitle = {金融论坛},
  volume = {13},
  number = {6},
  pages = {41--46},
  url = {https://d.wanfangdata.com.cn/periodical/ChlQZXJpb2RpY2FsQ0hJTmV3UzIwMjIxMjIyEg9jc2pybHQyMDA4MDYwMDcaCG4zNmtlYWN1},
  abstract = {信用卡业务是现代商业银行的重点业务,在国内金融市场全面开放后,我国银行业如何迎接这一挑战将在一定程度上影响着自身的竞争能力.本文从分析国内银行卡业务的发展现状出发,详细阐述了信用卡业务竞争激烈的原因、外资银行在信用卡业务上具有的优势,以及国内商业银行在信用卡业务上面临的挑战.在此基础上,提出了国内商业银行应从5个方面改进信用卡业务的经营管理,具体包括更新经营理念、完善相关制度体系、培养专业人才、健全营销机制和提升服务品质.},
  isbn = {1009-9190},
  langid = {chi},
  keywords = {金融市场; 对外开放; 商业银行; 信用卡}
}

@article{YangLiHua2007,
  type = {10.3969/j.issn.1004-972X.2007.06.034},
  title = {基于信用卡市场细分的顾客保留策略},
  author = {杨丽华 and 邓德胜},
  date = {2007},
  journaltitle = {经济问题},
  volume = {334},
  number = {6},
  pages = {105--107},
  url = {https://d.wanfangdata.com.cn/periodical/ChlQZXJpb2RpY2FsQ0hJTmV3UzIwMjIxMjIyEg1qand0MjAwNzA2MDM0GghuMzZrZWFjdQ%3D%3D},
  abstract = {尽管目前我国并不具备大量发行信用卡的需求和信用环境,但随着外资银行对我国信用卡市场的不断渗透,信用卡提前进入了大量营销阶段.自2003年以来,为抢占市场份额、追求规模化发展,中资银行展开了激烈的信用卡客户争夺战.而客户争夺后的顾客保留,不仅是巩固银行前期战果的必要手段,也是关系到信用卡产业能否整体盈利的关键所在.内生于我国特有的信用和需求环境之中的信用卡营销,必须在了解相关消费者行为特征的基础上,采取渐进式的发展模式.因此,以对银行"圈定客户"的再细分为切入点,从市场细分与定位的角度,对信用卡业务的顾客保留策略进行了探讨.},
  isbn = {1004-972X},
  langid = {chi},
  keywords = {银行业; 信用卡; 市场细分; 顾客保留}
}

@article{YangQiang2007,
  type = {10.3969/j.issn.1006-2912.2007.01.038},
  title = {浅谈我国信用卡产品营销},
  author = {杨强 and 王军},
  date = {2007},
  journaltitle = {经济问题探索},
  number = {1},
  pages = {187--190},
  url = {https://d.wanfangdata.com.cn/periodical/ChlQZXJpb2RpY2FsQ0hJTmV3UzIwMjIxMjIyEg9qand0dHMyMDA3MDEwMzgaCG4zNmtlYWN1},
  abstract = {由于信用卡行业的飞速发展,信用卡产品市场将逐步变为买方市场.本文解释了信用卡产品也是一种商品;打破了常规只对个人信用进行评分的模式,提出了对信用卡产品评价的概念;建立了信用卡产品评价模型,并对模型进行了定性的解释;提出了一些信用卡产品营销的策略.并从信用卡行业内部条件、外部条件及信用卡商品市场的供求关系几方面对信用卡产品营销做了分析.},
  isbn = {1006-2912},
  langid = {chi},
  keywords = {信用卡; 卖方市场; 买方市场; 产品创新; 蛛网模型}
}

@article{YinYing2014,
  title = {商业银行信用卡业务发展与风险管理},
  author = {殷樱 and 宋良荣 and 唐惠贤},
  date = {2014},
  journaltitle = {技术经济与管理研究},
  number = {2},
  pages = {62--66},
  url = {https://d.wanfangdata.com.cn/periodical/ChlQZXJpb2RpY2FsQ0hJTmV3UzIwMjIxMjIyEhJqc2pqeWdseWoyMDE0MDIwMTIaCG4zNmtlYWN1},
  abstract = {回顾信用卡业务在我国的发展历程、分析信用卡业务的发展现状，不难发现中国已成为全球信用卡业务增长最快、发展潜力最大的市场。作为未来消费信贷的重要增长点，在金融行业民间资本准入制度的放开、全球化进程不断深入、移动互联快速普及的大数据时代，民间资本、外资银行对信用卡业务的广泛渗透，以及互联网金融的创新发展，必将导致国内信用卡业务参与方关系日趋复杂，信用卡市场竞争日趋激烈。因此，信用卡业务发展过程中所面临的问题及发行风险不容忽视。文中采用行为概率及效用函数的方法对信用卡消费行为进行博弈分析，应用行为分析的结果，对信用卡业务中诸如个人信用登记评估制度，发卡机构营销、审批机制和产品附加值，消费管理和奖惩制度及法律法规制定等相关问题进行了剖析，系统分析了银行信用卡发行过程中的风险，并对信用卡市场的健康发展提出了几点建议。},
  isbn = {1004-292X},
  langid = {chi},
  keywords = {商业银行; 信用卡发行; 信用风险; 风险管理},
  annotation = {YIN Ying SONG Liang-rong TANG Hui-xian}
}

@article{ZangWenRu2015,
  title = {新生代农民工信用卡消费使用行为研究},
  author = {臧文如},
  date = {2015},
  journaltitle = {农业技术经济},
  number = {2},
  pages = {95--108},
  url = {https://d.wanfangdata.com.cn/periodical/ChlQZXJpb2RpY2FsQ0hJTmV3UzIwMjIxMjIyEg9ueWpzamoyMDE1MDIwMTEaCG4zNmtlYWN1},
  abstract = {本文通过对实地调查数据进行实证分析,运用Logistic回归模型和二分类数据的多层线性模型分析新生代农民工对信用卡的消费使用行为及影响因素,结果显示,新生代农民工群体人均持卡量严重不足.影响他们使用信用卡的显著因素分别是:受教育年限、平均每月花费、风险偏好、个人态度和银行服务5类因素.文章结合实证分析为银行业及政府层次提供建议和营销对策:包括关注新生代农民工群体,有针对性地为客户提供不同种类的信用卡;对新生代农民工宣传树立理性合理使用信用卡消费理念;扩大和完善信用卡的受理环境;银行相关开卡机构打好品牌效应,加强宣传工作;开发提升新技术降低信用卡风险,解决后顾之忧;改善信用卡犯罪法律法规中存在的问题.},
  isbn = {1000-6370},
  langid = {chi},
  keywords = {新生代农民工; 信用卡; 使用意愿; 影响因素}
}

@article{ZhangBo2006,
  type = {10.3969/j.issn.1674-2265.2006.02.021},
  title = {美国商业银行的市场营销给我们的启示},
  author = {张波},
  date = {2006},
  journaltitle = {济南金融},
  number = {2},
  pages = {58--59},
  url = {https://d.wanfangdata.com.cn/periodical/ChlQZXJpb2RpY2FsQ0hJTmV3UzIwMjIxMjIyEg1qbmpyMjAwNjAyMDIxGggxdmR2cXN1bw%3D%3D},
  abstract = {商业银行以市场为导向、以客户为中心、以利润最大化为经营的最主要目标,在市场营销过程中提供市场需要和客户满意的金融产品和服务,切实按照市场规律去经营、去运作.在这一方面,美国商业银行的成功经验给了我们许多有益的启示:},
  isbn = {1004-0900},
  langid = {chi}
}

@article{ZhangBuFan2020,
  title = {“三农”短视频的内容营销策略研究},
  author = {张布帆},
  date = {2020},
  journaltitle = {中国广播电视学刊},
  number = {6},
  pages = {119--121},
  url = {https://d.wanfangdata.com.cn/periodical/ChlQZXJpb2RpY2FsQ0hJTmV3UzIwMjIxMjIyEhF6Z2diZHN4azIwMjAwNjAzORoIb25oemx1NjQ%3D},
  abstract = {近年来,“三农”短视频利用短视频进行内容营销,为农产品销售打开了更大的市场,成为农民致富的新路径.在蓬勃发展的同时,其内容营销遇到了一系列问题,例如农村视频的污名化、内容的同质化、所售产品质量问题、家庭生产模式跟不上生产力发展的要求等,受众对“三农”短视频的好感度降低.因此,提高视频制作质量、把好产品质量关、传播正能量、宣传乡村优秀文化,实现规模化、标准化现代农业生产与品牌化营销,促进农业产业升级是“三农”短视频助力乡村现代化建设的可行之路.},
  isbn = {1002-8552},
  langid = {chi},
  keywords = {“三农”短视频; 内容营销; 农村电商; 产业升级}
}

@article{ZhangErPeng2022,
  title = {信用卡线上渠道引流获客风险的研究和应对措施},
  author = {张二朋 and 杨虹 and 于波},
  date = {2022},
  journaltitle = {现代商业银行导刊},
  number = {4},
  pages = {16--20},
  url = {https://d.wanfangdata.com.cn/periodical/ChlQZXJpb2RpY2FsQ0hJTmV3UzIwMjIxMjIyEiNxa18wOWEwYmZmYzJmMDk0YzUzOTQ3NmQ5YzE4MTU5MjZjZRoIbzF4bDY3a2I%3D %R},
  abstract = {近年来,线上渠道引流获客已成为商业银行信用卡业务获取新客户的重要战略举措,但与商业银行传统渠道获客方式相比,线上渠道引流客群中行外客户、高用信需求的客户较多,对信用卡风险管理带来较大挑战.本文从实际业务出发研究了信用卡线上渠道引流获客的不同方式,以及面临的客户范围广、信息质量差、获客成本高等难题...{$>>$}详细近年来,线上渠道引流获客已成为商业银行信用卡业务获取新客户的重要战略举措,但与商业银行传统渠道获客方式相比,线上渠道引流客群中行外客户、高用信需求的客户较多,对信用卡风险管理带来较大挑战.本文从实际业务出发研究了信用卡线上渠道引流获客的不同方式,以及面临的客户范围广、信息质量差、获客成本高等难题,梳理了该类客户的信用风险、欺诈风险及政策风险特征,指出多头共债风险及欺诈风险更高、信息安全及数据应用监管要求更严是其巨大挑战,并提出了强化内外部数据应用、完善风险计量工具、坚守合规经营法律底线等应对措施,希望对商业银行的线上渠道引流获客实践有一定的帮助或启示.},
  langid = {chi},
  keywords = {信用卡; 线上渠道; 获客; 风险管理}
}

@article{ZhangHaiBo2020,
  type = {10.13529/j.cnki.enterprise.economy.2020.10.018},
  title = {数字化转型背景下商业银行渠道一体化融合研究},
  author = {张海波 and 孙健慧},
  date = {2020},
  journaltitle = {企业经济},
  volume = {39},
  number = {10},
  pages = {139--145},
  url = {https://d.wanfangdata.com.cn/periodical/ChlQZXJpb2RpY2FsQ0hJTmV3UzIwMjIxMjIyEg1xeWpqMjAyMDEwMDE5GghmaHNjY3pwZA%3D%3D},
  abstract = {数字化转型背景下,线上与线下渠道的深度融合成为商业银行渠道建设的发展趋势.本文运用耦合度理论模型,实证分析我国商业银行线上与线下渠道之间的互动关联和一体化程度,发现线上渠道的贡献度逐年上升,与线下渠道的耦合度也逐年提升;从2020年开始,商业银行线下物理渠道和线上渠道将处于高水平耦合,线上渠道的贡献率将在2022年高于物理渠道的贡献率.基于此,进一步构建了商业银行线上与线下渠道一体化融合的“1+N+n”模式,提出了渠道一体化融合发展的对策建议,包括建立组织保障机制、推动线下物理网点转型与效能提升、加强渠道创新完善线上渠道布局、推动线上线下渠道有效融合等.},
  isbn = {1006-5024},
  langid = {chi},
  keywords = {数字化转型; 商业银行; 渠道融合; 耦合度}
}

@article{ZhangLiLa2001,
  title = {论我国商业银行金融产品的创新},
  author = {张丽拉},
  date = {2001},
  journaltitle = {管理现代化},
  number = {2},
  pages = {46--48},
  url = {https://d.wanfangdata.com.cn/periodical/ChlQZXJpb2RpY2FsQ0hJTmV3UzIwMjIxMjIyEg5nbHhkaDIwMDEwMjAxMxoIbjM2a2VhY3U%3D},
  abstract = {一、我国商业银行金融产品创新的动因 商业银行是经营货币、提供信用、融通资金的特殊企业,它为客户提供的产品从广义上来说,或是一种业务(如存款业务、贷款业务),或是一种工具(如支票、信用卡),或是一种服务方式(如柜台服务、电话银行服务等).金融产品是银行经营活动的载体,它的营销和创新对商业银行的经营方式、盈利手段和竞争能力都会产生巨大影响.在当今世界,新的金融工具和服务方式正在以前所未有的能量推动着金融业的发展,使金融对经济发展的促进作用日益增强.没有创新就没有当代高水平的金融发展.},
  isbn = {1003-1154},
  langid = {chi}
}

@article{ZhangMeiJuan2017,
  type = {10.3969/j.issn.1009-5853.2017.02.003},
  title = {数媒时代的内容营销研究},
  author = {张美娟 and 刘芳明},
  date = {2017},
  journaltitle = {出版科学},
  volume = {25},
  number = {2},
  pages = {8--13,28},
  url = {https://d.wanfangdata.com.cn/periodical/ChlQZXJpb2RpY2FsQ0hJTmV3UzIwMjIxMjIyEg1jYmt4MjAxNzAyMDAzGghvbmh6bHU2NA%3D%3D},
  abstract = {数媒时代,用户从被动地接受信息逐渐转变为主动获取信息,用户的决策机制也因此发生了变化,内容营销开始成为最重要的数字营销方式之一.从内容营销的具体涵义出发,提出内容营销的5W新思维;随后,从营销定位、管理内容过程和营销效果评估三个方面入手,介绍内容营销在实施过程中的要点;最后,结合具体案例分析内容营销的主要策略.},
  isbn = {1009-5853},
  langid = {chi},
  keywords = {数媒时代; 决策机制; 内容营销},
  annotation = {Zhang Meijuan Liu Fangming}
}

@article{ZhangMeiJuan2017a,
  title = {实体书店微信内容营销探析},
  author = {张美娟 and 叶阳 and 柏雯},
  date = {2017},
  journaltitle = {出版发行研究},
  number = {12},
  pages = {48--51},
  url = {https://d.wanfangdata.com.cn/periodical/ChlQZXJpb2RpY2FsQ0hJTmV3UzIwMjIxMjIyEg9jYmZ4eWoyMDE3MTIwMTMaCG9uaHpsdTY0},
  abstract = {本文以国内具有代表性的六家实体书店在微信平台上发布的营销内容为研究对象,采用内容分析的质性研究方法对其发布的内容进行解读,发现不同实体书店在微信平台上的内容营销的特点和策略各异,本文结合实际情况对实体书店微信公众号的内容营销提出:明确定位,避免内容形式同质化;确定主线,主次内容相互辅助;强化引流,加强线上线下互动;重视评论,构建双向交际平台等建议.},
  isbn = {1001-9316},
  langid = {chi},
  keywords = {实体书店; 微信公众号; 内容营销; 新媒体营销}
}

@article{ZhangWeiMin2014,
  title = {"去中心化"于互动化思维做营销},
  author = {张为民},
  date = {2014},
  journaltitle = {声屏世界·广告人},
  number = {12},
  pages = {54},
  url = {https://d.wanfangdata.com.cn/periodical/ChlQZXJpb2RpY2FsQ0hJTmV3UzIwMjIxMjIyEhdRS0MyMDE0MjAxNTAxMjEwMDA1MDE0MRoIMXZkdnFzdW8%3D},
  langid = {chi},
  keywords = {去中心化; 王老吉; 互动化; 自我状态; 品牌成长; 中都; 凉茶; 媒体方面; 媒介接触; 接触点}
}

@article{ZhangWenJian2007,
  type = {10.3969/j.issn.1000-5579.2007.04.018},
  title = {上海白领旅游消费偏好调查},
  author = {张文建 and 仲红梅},
  date = {2007},
  journaltitle = {华东师范大学学报（哲学社会科学版）},
  volume = {39},
  number = {4},
  pages = {93--98},
  url = {https://d.wanfangdata.com.cn/periodical/ChlQZXJpb2RpY2FsQ0hJTmV3UzIwMjIxMjIyEhloZHNmZHh4Yi16eHNoa3hiMjAwNzA0MDE4GghuMzZrZWFjdQ%3D%3D},
  abstract = {以上海部分领薪白领为对象的问卷调查结果表明,这一群体的旅游消费具有出游率高、出游花销多、出游的决策和方式自主性明显、出境游愿望强烈、习惯使用信用卡消费等总体偏好特征,在旅游消费六要素等方面的具体偏好特征也十分鲜明.因此,有关方面应当发展上海周边度假旅游产品,建立旅游购物商品开发与购销体系,深化团队旅游改革,注重改进旅游营销方式,以进一步开发这一特定的旅游市场和旅游产品.},
  isbn = {1000-5579},
  langid = {chi},
  keywords = {上海白领; 旅游消费; 偏好特征},
  annotation = {ZHANG Wen-jian ZHONG Hong-mei}
}

@article{ZhangYan2017,
  type = {10.3969/j.issn.1002-4166.2017.19.014},
  title = {智能技术时代的广告内容营销传播},
  author = {张艳},
  date = {2017},
  journaltitle = {中国出版},
  number = {19},
  pages = {43--46},
  url = {https://d.wanfangdata.com.cn/periodical/ChlQZXJpb2RpY2FsQ0hJTmV3UzIwMjIxMjIyEg16Z2NiMjAxNzE5MDE0Gghvbmh6bHU2NA%3D%3D},
  abstract = {智能技术的发展推动媒介形态、营销环境以及消费者的审美与接受都在发生变化,信息智能化的广泛应用使得整个广告产业模式都在发生变化,并触发内容生成流程与信息传播路径的进化,广告主纷纷自建内容营销团队,媒介内容与广告内容实现无缝融合,甲乙方界限变得越来越模糊.这种改变主要源于数字技术环境下企业需要快速回应用户,缩短沟通层级的"去中介化"市场需求,以及收归内容生产控制权的品牌整合需求.营销环境的巨变驱使品牌内容营销形成智能化的发展路径,基于智能技术挖掘内容营销主题,并全面介入内容营销的规模化生产、创意发想环节以及品牌内容营销策略的制定与执行过程中,然后通过大数据、人工智能等技术驱动细分群体的精准内容投放,并增强用户交互体验.},
  isbn = {1002-4166},
  langid = {chi},
  keywords = {内容营销; 智能技术; 品牌; 传播}
}

@article{ZhangYanYan2018,
  type = {10.3969/j.issn.1001-8700.2018.02.011},
  title = {“内容营销”:中国传统文化学习资源开发的策略探析},
  author = {张沿沿 and 谈语 and 吴文涛 and 张舒予},
  date = {2018},
  journaltitle = {现代远距离教育},
  number = {2},
  pages = {92--96},
  url = {https://d.wanfangdata.com.cn/periodical/ChlQZXJpb2RpY2FsQ0hJTmV3UzIwMjIxMjIyEhB4ZHlqbGp5MjAxODAyMDExGghvbmh6bHU2NA%3D%3D},
  abstract = {中国传统文化是中华民族的精神命脉,是最深厚的文化软实力.以提高中国传统文化学习资源的利用率、增强资源的趣味性、提升学习者对传统文化的认知度为出发点,探索中国传统文化学习资源开发的新策略.内容营销策略启示我们要重视沟通与反馈、关注学习兴趣点、注重内容的连续性.受此启示,借鉴“内容营销”策略进行中国传统文化学习资源具体内容的设计:重视设计的内容高度满足学习者的交互需要,有利于提高资源的利用率;将内容与热点采取里应外合的方法来增强学习者的学习兴趣;将内容传播与故事叙述有效结合进行精心编写,促进学习者深入理解文化内涵.},
  isbn = {1001-8700},
  langid = {chi},
  keywords = {内容营销; 中国传统文化; 学习资源; 开发},
  annotation = {ZHANG Yan-yan TAN Yu WU Wen-tao ZHANG Shu-yu}
}

@article{ZhangYouLin2007,
  type = {10.3969/j.issn.1007-9556.2007.11.017},
  title = {交互合作互惠营销模式研究},
  author = {张佑林 and 周飞跃},
  date = {2007},
  journaltitle = {山西财经大学学报},
  volume = {29},
  number = {11},
  pages = {94--97},
  url = {https://d.wanfangdata.com.cn/periodical/ChlQZXJpb2RpY2FsQ0hJTmV3UzIwMjIxMjIyEhFzeGNqZHh4YjIwMDcxMTAxNxoIbjM2a2VhY3U%3D},
  abstract = {互惠营销是一种新型的营销模式,本文运用对比法分析了互惠营销的比较优势和发展潜力,采用相关利益者法分析了互惠营销的参与主体,并对互惠营销理念下的批发零售模式、直销模式、联惠商家模式、信用卡消费模式进行了剖析,最后对融合多种要素的交互合作互惠营销系统进行了综合评价.通过研究明确了交互合作互惠营销的关键要点,为互惠营销实践提供具有指导性的理论研究成果.},
  isbn = {1007-9556},
  langid = {chi},
  keywords = {交互合作; 互惠营销; 关系营销},
  annotation = {ZHANG You-lin ZHOU Fei-yue}
}

@article{ZhangYouLin2007a,
  type = {10.3969/j.issn.1007-9556.2007.11.017},
  title = {交互合作互惠营销模式研究},
  author = {张佑林 and 周飞跃},
  date = {2007},
  journaltitle = {山西财经大学学报},
  volume = {29},
  number = {11},
  pages = {94--97},
  url = {https://d.wanfangdata.com.cn/periodical/ChlQZXJpb2RpY2FsQ0hJTmV3UzIwMjIxMjIyEhFzeGNqZHh4YjIwMDcxMTAxNxoINnJhcGNqOXM%3D},
  abstract = {互惠营销是一种新型的营销模式,本文运用对比法分析了互惠营销的比较优势和发展潜力,采用相关利益者法分析了互惠营销的参与主体,并对互惠营销理念下的批发零售模式、直销模式、联惠商家模式、信用卡消费模式进行了剖析,最后对融合多种要素的交互合作互惠营销系统进行了综合评价.通过研究明确了交互合作互惠营销的关键要点,为互惠营销实践提供具有指导性的理论研究成果.},
  isbn = {1007-9556},
  langid = {chi},
  keywords = {交互合作; 互惠营销; 关系营销},
  annotation = {ZHANG You-lin ZHOU Fei-yue}
}

@article{ZhangYuMei2016,
  type = {10.16810/j.cnki.1672-514X.2016.03.015},
  title = {基于WCI的图书馆微信公众号内容营销策略研究},
  author = {张钰梅},
  date = {2016},
  journaltitle = {新世纪图书馆},
  number = {3},
  pages = {61--64,77},
  url = {https://d.wanfangdata.com.cn/periodical/ChlQZXJpb2RpY2FsQ0hJTmV3UzIwMjIxMjIyEg94c2p0c2cyMDE2MDMwMTUaCG9uaHpsdTY0},
  abstract = {论文利用WCI微信传播指数分析了国内公共图书馆微信公众号影响力排名，湖南图书馆公众号影响力在图书馆界遥遥领先。结合该馆公众号运营实践，总结出行之有效的公众号内容营销策略。},
  isbn = {1672-514X},
  langid = {chi},
  keywords = {图书馆; 微信公众平台; 内容营销; 移动阅读服务},
  annotation = {Zhang Yumei}
}

@article{ZhangZheYu2016,
  type = {10.3969/j.issn.1002-2759.2016.21.050},
  title = {大众自传播时代社交化营销模式创新},
  author = {张哲瑜},
  date = {2016},
  journaltitle = {青年记者},
  number = {21},
  pages = {92--93},
  url = {https://d.wanfangdata.com.cn/periodical/ChlQZXJpb2RpY2FsQ0hJTmV3UzIwMjIxMjIyEg1xbmp6MjAxNjIxMDUwGggxdmR2cXN1bw%3D%3D},
  abstract = {美国社会学者曼纽尔·卡斯特认为,由于交互性传播网络的发展,一种新的传播模式——大众自传播在互联网上兴起.随着社交网络、社交媒体的迅速崛起,基于网络的社会行为已经深深植根于人类的各种活动之中.社交化营销是一种以用户社交关系为中心的新营销模式,企业利用消费者的网络社交属性去推广和销售产品,让消费者深刻了解该产品进而购买并分享该产品.},
  isbn = {1002-2759},
  langid = {chi}
}

@article{ZhaoXiangZhong2019,
  title = {基于品牌知晓度的内容营销与品牌忠诚研究},
  author = {赵相忠 and 张梦},
  date = {2019},
  journaltitle = {商业研究},
  number = {1},
  pages = {10--17},
  url = {https://d.wanfangdata.com.cn/periodical/ChlQZXJpb2RpY2FsQ0hJTmV3UzIwMjIxMjIyEg1zeXlqMjAxOTAxMDAyGghvbmh6bHU2NA%3D%3D},
  abstract = {随着互联网影响力的增强,消费者更加趋向于在网上搜索有关产品的相关信息,而能否创造出激发消费者主动分享和传播的促销内容成为新的营销挑战.根据信息双重加工理论和SOR理论建立内容营销、 品牌认同、 品牌知晓度和品牌忠诚之间关系的理论模型,通过对广西部分企业发放问卷的方式收集样本数据,进行信效度的分析、 相关性分析、 模型的修正与拟合优度检验,发现内容营销对品牌认同有积极的正向作用,品牌认同对品牌忠诚(行为忠诚和态度忠诚)有积极的正向作用,品牌知晓度在内容营销和品牌认同之间发挥正向的调节作用.因此,组织管理者应有效运用内容营销策略,从加深消费者对品牌知晓度的角度营造有利于消费者品牌认同的环境氛围,进一步增强消费者的品牌忠诚.},
  isbn = {1001-148X},
  langid = {chi},
  keywords = {内容营销; 品牌知晓度中介调节作用; 品牌认同; 品牌忠诚},
  annotation = {ZHAO Xiang-zhong ZHANG Meng}
}

@article{ZhongGuoGongShangYinXingJiangSuShengFenXingKeTiZu2015,
  title = {互联网时代国有控股商业银行渠道转型研究},
  author = {中国工商银行江苏省分行课题组},
  date = {2015},
  journaltitle = {金融论坛},
  volume = {20},
  number = {5},
  pages = {71--80},
  url = {https://d.wanfangdata.com.cn/periodical/ChlQZXJpb2RpY2FsQ0hJTmV3UzIwMjIxMjIyEg9jc2pybHQyMDE1MDUwMDgaCGZoc2NjenBk},
  abstract = {渠道是银行经营发展的核心资源.互联网金融的快速发展正在改变银行业渠道结构,国有控股商业银行渠道转型势在必行.本文认为,必须转变固有理念,紧跟渠道发展趋势,重塑组织架构,加强渠道建设统一规划与管理,优化和整合现有渠道;运用互联网思维,围绕客户体验和需求,加强跨界合作,充分发挥多方优势,打造互联网金融平台,推动线上线下一体化融合发展,实现国有控股商业银行渠道多元化、智能化、便捷化、个性化、专业化和国际化,从而保持国有控股商业银行渠道的优势地位,满足客户日益增长的金融服务需求.},
  isbn = {1009-9190},
  langid = {chi},
  keywords = {互联网时代; 国有控股商业银行; 互联网金融; 渠道转型},
  annotation = {The Study Group of Jiangsu Branch, ICBC}
}

@article{ZhouDengQian2022,
  type = {10.3969/j.issn.1002-1558.2022.04.012},
  title = {我国公共图书馆抖音短视频内容营销现状及策略研究},
  author = {周邓倩},
  date = {2022},
  journaltitle = {图书馆},
  number = {4},
  pages = {82--88},
  url = {https://d.wanfangdata.com.cn/periodical/ChlQZXJpb2RpY2FsQ0hJTmV3UzIwMjIxMjIyEg10dXNnMjAyMjA0MDEyGghvbmh6bHU2NA%3D%3D},
  abstract = {文章以内容营销相关理论为基础,首先对我国公共图书馆抖音短视频账号的开通现状进行了分析,并对公共图书馆级别、作品量、获赞量、粉丝量、关注量进行了相关性分析.其次文章选取了获赞量在1000以上的445个短视频作品,对其主题、标题、封面、封面文字、作品合集、创作类型进行分析,最后文章提出作品主题要轻重有序,核心突出;实现创意全覆盖,打造自创精品;重视情感表达,激发用户共鸣;扩展内容来源,吸引大众参与;实施细分用户方案,提高营销针对性;培养馆员技能,增强馆员营销意识等营销策略,以推动公共图书馆短视频营销的发展.},
  isbn = {1002-1558},
  langid = {chi},
  keywords = {公共图书馆; 短视频营销; 内容营销; 抖音短视频; 图书馆营销},
  annotation = {Zhou Dengqian}
}

@article{ZhouMing2004,
  type = {10.3969/j.issn.1001-148X.2004.01.035},
  title = {信用卡拓展的营销模式初探},
  author = {周明 and 曾德智},
  date = {2004},
  journaltitle = {商业研究},
  number = {1},
  pages = {88--90},
  url = {https://d.wanfangdata.com.cn/periodical/ChlQZXJpb2RpY2FsQ0hJTmV3UzIwMjIxMjIyEg1zeXlqMjAwNDAxMDM1GghuMzZrZWFjdQ%3D%3D},
  abstract = {我国商业银行的信用卡业处于起步阶段,要与外资银行竞争必先占领市场份额并实施客户关系管理提高客户忠诚度.目前国内贷记信用卡市场处于从无到有的起步阶段,我国商业银行必须尽早实施客户关系管理拓展我国的信用卡用户,从而加以保持、维系并优化持卡人的结构,提高客户满意度和客户忠诚度才会在竞争中抢得先机.},
  isbn = {1001-148X},
  langid = {chi},
  keywords = {消费信贷; 文化营销; 差异化营销; 顾客满意}
}

@article{ZhouNing2003,
  type = {10.3969/j.issn.1006-1770.2003.12.008},
  title = {商业银行信用卡业务发展思考},
  author = {周宁},
  date = {2003},
  journaltitle = {新金融},
  number = {12},
  pages = {30--31},
  url = {https://d.wanfangdata.com.cn/periodical/ChlQZXJpb2RpY2FsQ0hJTmV3UzIwMjIxMjIyEgx4anIyMDAzMTIwMDgaCG4zNmtlYWN1},
  abstract = {一、以正确的市场营销理念转变市场营销手段 长期以来我国商业银行对产品营销管理工作的理解一直较为片面,简单、错误地将市场营销概念等同于产品推销,认为:搞市场营销就是把现有的金融产品和服务推荐给客户,并争取其前来办理业务.因此难以在准确分析目标客户特点基础上,制定营销策略、确定各阶段营销目标,通过动态对比原有计划与实际的差异,及时调整营销方案,营销人员一般只能够凭经验和直觉展开工作,直接导致营销效果预知性差、效率低.},
  isbn = {1006-1770},
  langid = {chi}
}

@article{ZhouYiJin2013,
  title = {社会化媒体时代的内容营销:概念初探与研究展望},
  author = {周懿瑾 and 陈嘉卉},
  date = {2013},
  journaltitle = {外国经济与管理},
  volume = {35},
  number = {6},
  pages = {61--72},
  url = {https://d.wanfangdata.com.cn/periodical/ChlQZXJpb2RpY2FsQ0hJTmV3UzIwMjIxMjIyEhB3Z2pqeWdsMjAxMzA2MDA3Gghvbmh6bHU2NA%3D%3D},
  abstract = {在社会化媒体语境下,内容营销代表了一种新的营销战略,但学术界对其尚缺乏足够的关注和深入的探讨,对内容营销概念的理解也十分模糊.本文通过对现有研究的回顾,介绍了内容营销的含义,梳理了内容营销的起源与发展,辨析了内容营销与相关概念的联系与区别,讨论了内容营销的主要维度,并提出了一些值得未来的研究深入探讨的内容营销研究主题,以期更准确地剖析内容营销概念,并推动该领域研究的发展.},
  isbn = {1001-4950},
  langid = {chi},
  keywords = {内容营销; 社会化媒体; 顾客互动参与; 品牌化内容; 讲故事},
  annotation = {ZHOU Yi-jin CHEN Jia-hui}
}

@article{ZhuHuaWei2009,
  title = {透视信用卡市场的顾客特征与顾客行为},
  author = {朱华伟 and 涂荣庭 and 吕堂荣},
  date = {2009},
  journaltitle = {财贸经济},
  number = {4},
  pages = {38--44},
  url = {https://d.wanfangdata.com.cn/periodical/ChlQZXJpb2RpY2FsQ0hJTmV3UzIwMjIxMjIyEg1jbWpqMjAwOTA0MDA3GghuMzZrZWFjdQ%3D%3D},
  abstract = {本文从感知利益与感知风险的角度探究消费者对使用信用卡的态度.研究发现,消费者使用信用卡主要基于以下5种利益:便利利益、支付利益、信息利益、额外利益以及象征利益.消费者不使用或者少使用信用卡主要受到个人的负债观及信用卡可能造成的财务风险的影响.基于消费者对感知利益与感知风险的不同态度,我们将信用卡市场的顾客分为5类:保守消费者、时尚追求者、谨慎理财者、实用主义者和便利导向者;不同顾客群在使用信用卡的频率与比例上呈现明显差异.本文针对不同顾客群的特点提出管理建议.},
  isbn = {1002-8102},
  langid = {chi},
  keywords = {信用卡; 感知利益; 感知风险; 顾客群},
  annotation = {ZHU Huawei TU Rongting LV Tangrong}
}
